4470 6096
244 529 245 533 Ν
312 454 336 532 6

306 688 440 758 beuter
464 673 702 777 accedentes,
719 686 1011 760 Herodotum
1036 701 1172 781 tamen,
1200 715 1284 763 cum
1308 695 1417 786 longe
1443 695 1602 789 diversa,
1631 701 1696 771 sed
1721 725 1764 771 ea
1795 726 1883 776 vero
1903 731 2002 777 neu·

306 835 447 930 tiquam
471 830 808 932 his'grepugnantia,
846 835 1067 930 prodiderit,
1095 837 1244 911 defendi
1268 864 1376 933 posse
1401 826 1601 914 censemus.
1653 847 1789 938 Penas,
1815 854 1999 945 gentibus,

310 986 373 1060 vel
405 987 520 1078 ipsam
554 987 789 1057 Cinnamomi
816 989 974 1080 patriam
1001 985 1061 1061 rel
1090 987 1259 1078 proxima
1281 985 1337 1054 illi
1362 987 1487 1057 littora
1514 990 1738 1084 colentibus,
1767 996 2003 1072 Ginnamomi

312 1138 572 1232 praestantiam
588 1124 750 1231 primum
769 1135 968 1207 innotuisse
990 1132 1138 1225 delapso
1158 1133 1234 1204 aris
1255 1128 1665 1229 cuiusdam‘grandioris
1681 1139 1783 1230 nido,
1802 1149 1935 1237 partim
1951 1175 2001 1223 ex
2022 1208 2025 1213 s

307 1286 518 1358 huiusmodi
543 1286 696 1357 ramulis
722 1295 932 1379 exstructo,
958 1284 1058 1379 quod
1083 1288 1115 1355 si
1139 1267 1238 1355 forte
1264 1288 1394 1356 eadem
1421 1287 1592 1376 ratione,
1628 1268 1736 1382 quam
1770 1305 1851 1365 arte
1881 1321 2000 1391 qnae·
2032 1278 2042 1283 ’

304 1436 411 1506 sitam
436 1435 525 1549 ,loco
561 1437 672 1505 citato
702 1435 918 1507 Herodotus
954 1436 1101 1528 laudat,
1134 1437 1338 1520 arcuisset,
1375 1433 1539 1524 pondere
1566 1435 1706 1507 scilicet
1731 1462 1855 1529 escae,
1888 1444 1999 1514 nimis

306 1551 577 1678 accumulatae,
619 1587 679 1655 cui
707 1586 939 1657 sustinendae
965 1586 1086 1677 impar
1120 1582 1231 1652 nidus
1255 1578 1427 1675 quidam,
1454 1602 1477 1648 a
1498 1602 1592 1675 rupe
1612 1583 1767 1677 solutus,
1801 1587 2000 1675 interram

304 1727 521 1822 decidisset,
575 1730 665 1824 quid
704 1732 863 1822 mirum,
908 1730 1075 1801 homiues
1111 1728 1290 1817 incultos,
1336 1747 1457 1820 neque
1496 1729 1700 1822 arborem,
1739 1733 1830 1825 ligni
1874 1743 1998 1811 suavis

302 1890 476 1969 matrem,
496 1879 620 1948 statim
645 1901 667 1948 e
691 1878 834 1949 ramulo
861 1879 1089 1970 cognovisse,
1116 1887 1154 1946 et
1177 1872 1399 1969 stupefactos
1416 1887 1496 1949 tum
1509 1877 1673 1954 novitate
1697 1892 1736 1952 et
1754 1882 1998 1960 admiratione

300 2027 358 2094 rei
381 2038 461 2096 tum
486 2025 637 2097 insolita
660 2026 699 2100 vi
726 2027 816 2120 ligni
840 2037 879 2096 et
902 2026 1121 2119 dulcedine,
1149 2027 1189 2097 iu
1213 2025 1400 2142 arborem,
1430 2050 1452 2097 a
1479 2050 1552 2122 qua
1572 2026 1739 2133 prosecta
1761 2043 1882 2102 essent
1903 2034 1997 2107 haec

299 2164 472 2266 frustula,
499 2198 650 2269 prorsus
674 2199 750 2247 non
776 2135 1030 2269 inquisivisse,
1058 2158 1124 2247 sed
1147 2172 1269 2268 potius
1285 2172 1328 2242 in
1360 2194 1406 2243 eo
1431 2176 1675 2269 acquievisse,
1709 2187 1752 2246 ut
1774 2190 1995 2274 statuerent,

299 2280 445 2394 taniam
460 2324 553 2417 ligni
576 2327 858 2419 praestantiam,
889 2326 1040 2396 minime
1066 2347 1115 2394 ex
1138 2326 1194 2394 his
1218 2321 1396 2417 proximis
1431 2326 1617 2420 magisque
1645 2327 1862 2400 mortalibus
1884 2332 1996 2403 terris

298 2471 535 2563 gignendam,
563 2497 584 2542 e
619 2476 768 2568 regione
795 2448 913 2544 multo
950 2471 1143 2545 remotiori
1170 2494 1286 2565 eaque
1311 2470 1481 2563 paradiso
1505 2470 1561 2540 illi
1589 2484 1802 2545 cunctarum
1830 2478 1994 2568 gentium

298 2618 488 2710 proxima,
520 2641 589 2713 per
615 2619 765 2745 aethera
796 2621 844 2692 ab
870 2620 1017 2692 alitibus
1043 2619 1194 2714 deferri.
1246 2595 1352 2711 Quae
1376 2621 1407 2689 si
1432 2620 1485 2691 ita
1514 2619 1610 2691 facta
1634 2635 1774 2711 essent,
1806 2626 1994 2718 (potuisse

299 2776 420 2835 autem
446 2767 499 2836 sic
523 2764 709 2860 accidere,
746 2769 827 2862 quis
857 2765 1053 2864 negabiti)
1086 2769 1273 2862 sequitur,
1308 2770 1440 2858 magno
1465 2787 1613 2859 semper
1636 2768 1758 2861 pretio
1782 2768 1993 2842 habendam

299 2909 411 2984 fuisse
446 2935 547 3006 rem,
586 2916 696 2985 tantis
731 2913 1007 2986 difficultatibus
1041 2917 1329 2989 circumrentam
1361 2937 1579 3015 summaque
1602 2915 1783 3019 industria
1808 2941 1829 2987 e
1853 2920 1987 3008 variis,

300 3084 394 3155 quae
437 3064 568 3134 nidum
608 3054 896 3155 constituerent,
930 3085 1120 3134 ramorum
1144 3061 1268 3130 stratis
1304 3058 1542 3144 seligendam
1610 3060 1718 3133 Iuvat
1747 3066 1879 3180 etiam,
1915 3069 1987 3138 sibi
2032 3150 2037 3156 ,

296 3193 541 3301 persuadere,
567 3230 642 3279 non
668 3229 815 3304 semper
838 3209 1030 3278 mendacia
1052 3204 1187 3322 dixisse
1213 3210 1437 3271 mercatores
1462 3197 1680 3288 Phoenices.

395 3356 580 3450 Cassiam,
622 3380 733 3452 quam
761 3357 802 3430 in
832 3357 1025 3482 paludibus
1062 3361 1291 3424 crescentem
1323 3352 1507 3425 memorat
1547 3348 1762 3425 Herodotus
1780 3351 1814 3441 *)
1826 3407 1838 3446 ,
1874 3296 1987 3429 aliam

271 3492 428 3596 ¹fuisse,
467 3515 575 3598 atque
599 3511 722 3596 eam,
744 3527 854 3600 quam
879 3525 978 3575 nunc
1007 3501 1147 3573 Lauri
1156 3500 1344 3571 cuiusdam
1367 3504 1543 3574 corticem
1578 3504 1836 3595 cognorimus,
1875 3529 1985 3578 nemo

294 3652 445 3723 dubitat.
472 3652 777 3724 Scitaminearum
790 3653 931 3724 scilicet
948 3651 1107 3745 aliquam
1128 3648 1289 3720 radicem
1312 3646 1372 3724 rel
1387 3648 1499 3720 etiam
1512 3670 1660 3743 scapum
1679 3649 1907 3722 odoriferum
1918 3676 1983 3723 an·
2005 3696 2016 3715 .

292 3796 504 3893 tiquissimis
522 3796 596 3868 illis
614 3796 843 3893 temporibus
856 3800 1003 3871 Cassiae
1015 3798 1165 3870 nomine
1180 3795 1220 3867 iu
1237 3819 1307 3867 usu
1320 3789 1434 3868 fuisse
1449 3797 1637 3891 suspicor3
1663 3798 1758 3868 hanc
1779 3809 1902 3871 autem
1920 3824 1981 3871 re-

289 3957 411 4019 terum
423 3947 600 4039 Cassiam,
610 3970 694 4018 cum
702 3946 819 4018 Lauri
829 3947 976 4018 Cassiae
984 3949 1123 4020 cortice
1130 3946 1247 4021 serius
1259 3945 1425 4020 invenies
1440 3944 1631 4016 consuram
1643 3958 1680 4016 et
1690 3968 1804 4038 usque
1814 3947 1908 4016 adeo
1919 3948 1982 4020 rel

291 4093 508 4165 doctissimis
527 4091 677 4163 medicis
694 4093 929 4184 incognitam,
945 4105 987 4162 ut
1003 4093 1166 4166 Galenus
1181 4095 1260 4189 ipse
1271 4094 1420 4166 Cassiae
1437 4109 1474 4168 et
1486 4096 1720 4167 Cinnamcmi
1737 4095 1886 4166 nomina
1902 4118 1979 4165 nou

287 4240 406 4310 solum
414 4239 622 4335 promiscue
636 4237 805 4330 haberet,
831 4237 896 4308 sed
921 4233 1049 4326 etiam,
1074 4239 1120 4308 de
1147 4240 1271 4310 Cassia
1295 4237 1494 4333 loquendo,
1514 4240 1668 4313 mirifice
1686 4243 1981 4315 verbisluderet.

387 4386 678 4488 Hippocrati
701 4386 985 4463 Cinna-omum
1012 4398 1052 4458 et
1076 4385 1240 4458 Cassiam
1265 4389 1382 4460 aerbo
1406 4392 1521 4486 magis
1546 4408 1656 4487 quam
1682 4415 1724 4462 re
1741 4392 1819 4486 ipsa
1832 4394 1977 4485 cognita
2017 4374 2024 4393 ⁸

285 4535 423 4630 fuisse,
460 4548 613 4612 coemat.
627 4535 680 4636 ⁶)

384 4681 832 4781 'Pheophrastus“'),
859 4684 906 4755 de
929 4683 1177 4756 cinnamomo
1202 4696 1243 4758 et
1257 4685 1383 4759 Cassia
1406 4688 1688 4782 rerbafaciens,
1715 4692 1867 4783 propria
1882 4687 1974 4757 haec

363 4958 484 5036 tuis.
503 4958 561 5019 ΠΙ.
588 4977 618 5019 c.
640 4977 707 5020 ιιο.
1766 4856 1804 4921 t

342 5069 386 5146 ”J
411 5068 571 5151 Sprcngel
592 5067 674 5130 nist.
705 5087 755 5128 rer
746 5063 863 5130 berb.
887 5063 912 5127 1.
935 5023 967 5148 p.
988 5063 1042 5142 42.

327 5174 492 5256 m)iiist.
515 5174 618 5258 piant.
646 5174 805 5235 1..1x.c
828 5172 857 5236 5
