4470 6096
844 356 1228 489 010
1913 393 2088 494 21'

373 663 497 754 Quam
530 663 596 758 qui
626 683 711 734 cnm
743 660 883 757 optime
916 655 1131 729 Rheediana
1163 653 1244 726 eius
1281 649 1402 746 effigie
1433 645 1509 745 (H.
1535 644 1672 718 Malab.
1699 641 1730 714 1.
1757 643 1850 715 Tab.
1879 641 1969 741 57.)

271 809 563 904 comparaverit,
597 809 750 881 eandem
773 806 870 878 hanc
895 804 1067 878 arborem
1091 800 1294 898 comperiet
1316 797 1500 894 figurare,
1534 792 1633 867 foliis
1657 791 1756 883 basi,
1795 803 1836 863 ut
1859 791 1970 865 huius

270 977 426 1026 acumen
463 955 670 1027 luculenter
704 963 899 1049 appareat,
944 961 1092 1051 praeter
1121 959 1290 1021 neutram
1324 944 1530 1020 contractis.
1575 940 1763 1013 corticem
1800 940 1968 1014 eiusdem

269 1102 415 1173 arboris
446 1098 535 1194 fingi
560 1083 743 1172 credimus
775 1098 887 1175 variis
919 1097 1144 1172 nominibus:
1180 1121 1218 1168 a.
1244 1117 1302 1166 an
1331 1082 1811 1204 Cassiaveterum'NJ
1831 1124 1885 1174 ⁴-
1921 1086 1955 1156 b.

272 1248 439 1319 cassia
463 1246 640 1341 lignea,
667 1243 819 1335 fusca,
847 1245 1097 1319 aromatici
1122 1253 1167 1317 at
1190 1242 1422 1339 glutinosi
1447 1237 1654 1335 saporis,
1672 1232 1726 1334 **)
1759 1236 1855 1320 [nisi
1873 1236 1966 1306 haec

271 1393 402 1464 endem
426 1394 493 1484 sit,
529 1413 639 1488 quam
675 1388 775 1463 infra
800 1413 822 1460 s
848 1390 1125 1486 Cingalensibus
1153 1390 1499 1461 cinnamomum
1524 1382 1817 1478 glutinosum
1842 1380 1965 1478 appel-

270 1539 343 1609 lari
370 1536 591 1633 discemus);
616 1575 668 1594 -
692 1561 724 1609 c.
751 1536 952 1608 canella
974 1537 1053 1611 aive
1080 1538 1443 1610 cinnamomum
1467 1532 1690 1628 vulgare,
1718 1531 1964 1603 crassiora

269 1686 449 1757 cortice
476 1681 563 1777 m),
591 1683 657 1781 qui
681 1694 736 1756 est
759 1693 910 1776 cortex,
942 1685 1136 1759 vetustiori
1159 1695 1295 1758 trunco
1319 1685 1513 1756 detractus.
1537 1718 1590 1737 -

370 1854 410 1954 5)
435 1853 1216 1952 DeniqueMalabathrumetFolium
1240 1857 1399 1930 indum
1424 1851 1669 1945 officinarum,
1698 1873 1782 1924 cum
1799 1849 1965 1922 eiusdem

268 2002 412 2074 arboris
438 2003 584 2075 cortice.
600 2005 648 2089 t)

366 2174 428 2245 De
451 2174 521 2245 hac
554 2186 677 2248 autem
701 2179 837 2250 arbore
873 2175 1008 2272 optime
1032 2174 1171 2248 meruit
1193 2171 1426 2247 Iohannes
1451 2172 1716 2261 Bauhinus,
1744 2168 1833 2240 licet
1854 2165 1964 2242 valde

268 2320 528 2415 suspicandum
553 2322 621 2413 sit,
664 2346 750 2396 eum
771 2303 865 2401 vera
899 2323 1191 2396 cinnamomi
1221 2320 1502 2394 Melabarici
1527 2321 1618 2393 lolia
1643 2316 1787 2396 abillis
1813 2313 1966 2387 Mala-

233 2439 238 2445 !
269 2466 435 2537 bathri
459 2489 535 2537 nou
559 2468 647 2539 satis
671 2479 777 2543 caute
803 2469 1022 2550 distinxisse.
1041 2506 1092 2525 -
1118 2469 1226 2564 Quae
1252 2470 1401 2541 Cassiae
1426 2470 1575 2543 numine
1599 2470 1640 2540 iu
1655 2457 1827 2539 'officinis
1852 2461 1964 2556 vulgo

271 2613 459 2704 occurrit,
495 2614 695 2687 inodorum
731 2627 768 2690 et
800 2614 1027 2690 inefficacem
1064 2615 1147 2690 fere
1179 2610 1355 2690 corticem
1380 2616 1568 2690 radicis
1593 2614 1839 2690 cuiusdam
1869 2630 1963 2700 esse,

270 2759 371 2834 idem
396 2759 524 2832 refert.

369 2934 445 3005 Pis
457 2931 552 3032 ott)
571 2936 761 3011 canellam
771 2939 1001 3035 Zeylanicam
1018 2937 1195 3037 describit
1215 2949 1253 3009 et
1269 2939 1376 3010 icone
1389 2941 1475 3012 satis
1487 2938 1561 3011 fida
1574 2938 1748 3015 illustrate
1775 2930 1964 3005 »Cassiam

268 3078 480 3171 vulgarem,
530 3082 828 3154 calihacham
865 3080 1024 3174 dictam,
1070 3108 1145 3157 nun
1176 3086 1248 3158 nisi
1282 3086 1446 3156 crassitie
1481 3085 1673 3178 distingui,
1713 3078 1962 3154 Canellam

267 3225 634 3320 malabaricam,
670 3238 712 3298 ut
736 3206 886 3300 levioris
918 3229 1032 3321 pretii
1058 3229 1213 3323 negligi3
1260 3232 1422 3304 Cassiam
1452 3231 1633 3327 appellari
1662 3229 1860 3317 corticem,
1897 3222 1963 3319 qui

267 3393 397 3443 recens
422 3374 471 3443 sit
493 3371 665 3467 pellicula
690 3395 757 3444 sua
781 3375 949 3445 cineritia
974 3386 1012 3445 et
1037 3375 1236 3471 inaequali,
1263 3379 1329 3449 aad
1352 3390 1476 3453 tamen
1501 3382 1717 3470 aromatica,
1747 3375 1961 3448 delibratus.

364 3516 660 3603 Ionstonffi)
697 3519 745 3590 de
770 3518 924 3598 canella
948 3531 1117 3594 veterum
1141 3519 1222 3593 fere
1247 3523 1381 3617 placita
1404 3526 1615 3617 ruminans,
1651 3528 1691 3596 in
1715 3522 1841 3595 tabula
1865 3518 1959 3590 LIII

265 3690 340 3737 una
375 3689 458 3738 cum
494 3665 574 3736 eliis
606 3665 771 3738 iconibus
806 3666 1019 3739 rudiorIbus
1059 3670 1171 3741 etiam
1195 3668 1286 3740 folia
1311 3670 1542 3746 casellae
1566 3693 1726 3759 verae,
1752 3693 1818 3742 seu
1842 3668 1961 3762 Zey-

265 3815 468 3907 lanicae,
497 3835 613 3908 eaque
637 3813 724 3885 satis
748 3814 944 3886 artificiose
970 3816 1193 3907 delineavit,
1234 3820 1450 3912 curavitque
1484 3821 1532 3890 ad
1561 3817 1657 3890 latus
1690 3817 1841 3890 illorum
1869 3815 1959 3911 poni

263 3960 396 4031 folium
422 3961 595 4033 Canollae
621 3960 850 4053 columnae,
878 3962 902 4031 i.
931 3984 952 4032 e
978 3963 1212 4034 cinnamomi
1236 3961 1474 4057 Melabarici,
1503 3985 1661 4060 quorum
1685 3963 1883 4035 discrimen
1911 3985 1959 4033 ex

264 4111 333 4180 ista
357 4107 483 4179 tabula
510 4110 607 4236 bepe
630 4110 858 4206 percipitur.·

324 4496 395 4574 Ἣ.
417 4517 445 4559 c.
466 4518 499 4582 p.
520 4496 594 4575 452.

309 4611 631 4699 chpssu‘

292 4727 354 4808 aas)
375 4727 418 4791 ih·

322 4869 359 4952 †)
381 4869 404 4931 l.
425 4890 453 4933 c.
474 4891 507 4956 p.
527 4870 591 4950 430
611 4879 645 4936 ct
664 4872 736 4951 435.

302 4989 363 5067 ἣ)
383 4986 433 5049 De
455 4986 528 5051 Iud.
549 4997 617 5059 atr.
643 5010 679 5052 re
702 4999 767 5052 nat.
788 4998 821 5052 et
852 4990 936 5054 med.
961 4991 1060 5053 Mant.
1079 4989 1111 5050 in
1131 4988 1241 5052 Boutii
1261 4989 1342 5053 Hist.
1364 4999 1429 5055 nat.
1456 4999 1490 5057 et
1510 4992 1594 5058 med.
1613 4995 1691 5080 cap.
1717 5013 1741 5057 r.
1767 5012 1799 5082 p.
1824 4993 1893 5059 165.

280 5101 365 5181 *ld-l)
386 5099 572 5189 Denda-ogr.
598 5103 685 5168 1662.
701 5126 734 5190 p.
765 5105 833 5169 162.
855 5127 925 5190 sqq.
