4470 6096
1793 444 1842 521 ra
1922 406 1953 529 J

145 704 292 799 primae
317 709 356 770 et
380 695 559 769 secundae
584 701 713 778 notae,
749 686 939 776 selectam,
965 691 1135 755 serretur
1148 704 1159 770 3
1192 698 1300 749 omne
1327 699 1438 764 roro,
1467 673 1566 771 quod
1589 675 1637 745 sit
1662 674 1839 764 deterius,

145 849 326 921 reiicitur.
386 843 630 938 Zeylonenses
664 836 871 929 indigenae,
910 832 1098 926 negotium
1121 827 1215 900 illud
1238 836 1450 917 tractantes,
1478 826 1526 896 ad
1553 823 1844 917 distinguendam

145 998 259 1107 lssias
282 993 460 1065 aromatis
485 991 663 1064 virtutem
687 1009 757 1081 asu
782 938 956 1054 continuo
981 1001 1096 1074 usqae
1121 977 1214 1049 adeo
1239 974 1433 1047 exercitati
1456 984 1554 1063 sunt,
1581 983 1624 1043 at
1648 974 1843 1065 velprimo

148 1118 287 1215 intuitu
323 1141 370 1211 de
406 1137 554 1210 corticis
581 1133 756 1227 caiusque
787 1139 920 1200 natura
944 1125 1120 1196 iudicium
1144 1124 1246 1195 ferre
1271 1123 1430 1217 possint,
1466 1144 1536 1191 nec
1561 1123 1631 1193 nisi
1658 1123 1844 1193 rarissime

150 1292 198 1361 iis
223 1308 391 1382 saporem
417 1286 455 1355 in
480 1283 657 1355 auxilium
682 1300 815 1354 vocare
841 1268 931 1370 opus
957 1276 1017 1345 sit.

251 1434 410 1503 Peracto
434 1432 505 1502 hoc
536 1428 706 1521 negotio,
742 1438 869 1496 cortex
902 1426 941 1493 in
967 1423 1083 1494 fasces
1109 1423 1289 1510 maiores,
1318 1422 1490 1514 ponderis
1525 1442 1571 1514 ga
1588 1433 1631 1511 Ιχ,
1663 1423 1844 1493 librarum

148 1580 273 1675 Angl,
299 1580 448 1673 ligatur,
477 1576 538 1670 qai
563 1574 695 1669 singuli
720 1597 826 1645 saeco
844 1573 994 1666 duplici,
1022 1597 1043 1643 0
1068 1570 1636 1664 100000010010,1000ιί11001οη
1662 1573 1841 1668 repletur,

151 1743 328 1827 quantum
359 1726 468 1821 spatii
492 1723 661 1797 relictum
688 1735 766 1814 est,
800 1724 906 1816 nigro
930 1723 1072 1817 pipere.
1123 1721 1295 1818 Inscripti
1321 1722 1469 1793 demam
1494 1743 1667 1813 numero,
1695 1720 1847 1816 qualita-

147 1892 228 1951 tem
251 1858 493 1965 cinnamomi,
529 1888 566 1946 et
590 1874 723 1945 litteris
748 1872 968 1960 initialibus,
997 1872 1232 1959 arboretam,
1266 1871 1305 1941 in
1331 1894 1403 1964 quo
1429 1869 1622 1942 collectmn
1648 1881 1717 1965 est,
1744 1869 1847 1943 indi-

149 2029 330 2119 cantibus,
348 2025 463 2097 fasces
477 2027 524 2096 ad
540 2023 807 2127 erportandum
821 2022 940 2118 parati
953 2028 1187 2092 asservantur
1204 2013 1249 2112 ⁶).

250 2176 285 2247 E
301 2156 440 2245 cortice
457 2173 679 2245 cinnamomi
694 2173 890 2244 deterioris
907 2181 1031 2259 notae,
1058 2168 1156 2236 inter
1170 2188 1337 2257 examen,
1364 2168 1425 2236 cai
1439 2168 1543 2261 copia
1560 2179 1688 2262 parata
1701 2167 1851 2239 subiici·

148 2336 229 2415 tur,
251 2325 403 2412 reiecto,
421 2332 536 2391 tame
553 2320 726 2391 ramentis
742 2331 780 2391 et
797 2319 1026 2413 fragmentis,
1053 2340 1147 2410 quae
1163 2317 1201 2385 in
1214 2318 1469 2411 praeparando
1486 2315 1762 2411 colligandoque
1775 2319 1851 2388 cia·

147 2494 322 2579 npmornc
341 2470 526 2557 oriuntur,
552 2466 675 2537 oleum
691 2466 914 2537 cinnamomi
934 2464 1148 2534 aetheream
1174 2461 1379 2533 conficitur.
1424 2463 1635 2535 Destillatio
1651 2465 1690 2535 in
1709 2465 1849 2537 duabus

148 2588 281 2694 voticis
303 2614 552 2687 destillatoriis
574 2612 789 2699 maioribus,
810 2636 884 2683 una
905 2632 977 2681 auo
998 2611 1228 2703 gallonarnm
1243 2608 1333 2705 (800
1354 2582 1596 2710 Bouteillen),
1619 2614 1737 2685 altera
1758 2636 1848 2688 vero

149 2766 445 2865 9oga110narum
463 2762 553 2858 (560
575 2761 813 2858 Bouteillon),
830 2763 1045 2833 instituitur.
1081 2763 1127 2832 In
1144 2750 1308 2856 priorem
1326 2784 1374 2833 ex
1388 2760 1445 2833 his
1460 2785 1530 2855 pro
1548 2764 1676 2857 quavis
1690 2763 1848 2835 destilla-

149 2916 255 2987 tione
274 2914 346 2985 050
361 2911 473 2983 libras
491 2904 632 3006 (Angl.)
648 2911 868 2981 cinnamomi
887 2933 970 2980 cum
991 2911 1062 2979 aad
1076 2909 1230 3002 gallonis
1244 2932 1359 3005 aquae
1377 2911 1541 2981 marinae
1562 2912 1780 3003 immittunt,
1803 2935 1850 2981 ex

151 3063 286 3161 quibus
315 3059 443 3131 unciae
465 3078 598 3129 ao-sa
620 3058 691 3128 olei
707 3057 884 3146 aetherei,
908 3079 993 3126 raro
1019 3056 1158 3148 plures,
1186 3056 1393 3163 eliciuntur.
1445 3057 1667 3130 Haemode
1693 3060 1851 3153 iany-

146 3208 254 3281 'lenia
284 3205 404 3277 insula
436 3228 506 3299 per
535 3168 670 3274 annam
706 3202 855 3272 circiter
887 3209 961 3288 400
986 3203 1136 3296 lagenae
1161 3201 1407 3305 (Bouteillen)
1434 3210 1610 3281 aromatis
1636 3208 1744 3277 huius
1765 3206 1851 3277 cali·

153 3355 295 3427 dissimi
319 3350 588 3446 producuntur,
617 3370 772 3443 quaram
798 3349 941 3440 singula
966 3350 1080 3421 trium
1104 3353 1334 3427 thalerorum
1360 3358 1479 3448 pretio
1503 3357 1543 3426 in
1568 3355 1699 3450 Anglia
1724 3355 1853 3428 rendi-

149 3510 228 3573 tar.
287 3500 492 3571 Praeterea
524 3522 544 3567 e
582 3493 716 3567 foliis
749 3494 794 3565 L.
832 3495 1067 3569 Cinnamomi
1098 3502 1219 3573 oleam
1247 3504 1461 3574 aethereum
1485 3505 1852 3599 praestantissimam,

153 3648 233 3739 iat,
260 3648 358 3743 quod
383 3630 609 3739 caryophylli
634 3642 825 3715 aromatici
850 3644 1070 3739 largiuntur,
1098 3648 1338 3740 simillimum,
1367 3663 1521 3745 paratur
1545 3664 1582 3721 et
1603 3653 1641 3723 in
1661 3650 1853 3743 Europam

154 3794 377 3885 devehitur,
405 3794 656 3865 undenorum
679 3792 867 3861 haurimus
885 3806 1140 3885 argumentum
1163 3799 1337 3872 adversus
1365 3799 1580 3871 sententiam
1609 3821 1762 3893 eorum,
1790 3800 1853 3894 qui

158 4027 437 4049 μ-..-

198 4206 228 4284 “)
244 4201 700 4267 AbhocmodoCiunamomi
718 4202 866 4288 parandi,
888 4202 1111 4267 nhlarshallio
1129 4204 1310 4290 descripto,
1340 4205 1416 4286 ille,
1446 4206 1505 4291 qui
1524 4206 1603 4297 olim
1617 4207 1704 4291 apud
1720 4207 1856 4269 Batavos

283 4318 448 4384 adhibitus
466 4329 525 4397 001,
554 4318 678 4383 recedit
697 4319 925 4401 sequentibus:
962 4327 987 4397 ι)
1009 4321 1116 4385 Omne
1139 4324 1209 4387 sere
1227 4318 1476 4387 Cinnamomum
1501 4347 1541 4387 ex
1565 4324 1732 4386 arboribus
1755 4325 1857 4387 silvo·

284 4438 405 4502 strihas
422 4446 455 4501 et
469 4446 584 4520 sponte
599 4437 805 4500 nascentibus
824 4436 1055 4520 colligebatar;
1076 4446 1106 4518 a)
1118 4439 1351 4522 epidermidem
1367 4440 1567 4505 ramulorum
1583 4450 1657 4503 0010
1674 4444 1857 4504 eorundem

285 4551 814 4633 Ι(1000011001100000(1000010100013
851 4553 881 4629 5)
906 4572 1041 4617 examen
1062 4554 1261 4618 cinnamomi
1292 4532 1422 4620 collecti
1452 4580 1470 4618 a
1495 4557 1630 4621 medicis
1658 4557 1785 4621 duobus
1809 4557 1854 4618 ita

288 4668 535 4750 instituebatur,
561 4679 598 4732 nt
619 4668 765 4756 singulos
788 4667 920 4731 tubulos
935 4690 1049 4752 sapore
1063 4671 1201 4754 probare
1217 4681 1428 4752 tenerentur,
1456 4707 1496 4721 -
1530 4695 1612 4756 opus
1631 4673 1728 4737 valdo
1744 4670 1859 4733 moles·
1881 4743 1886 4753 ,

287 4794 369 4864 tam,
397 4808 500 4869 quum
515 4807 631 4849 recens
656 4776 899 4849 cinnamomum
918 4784 1097 4849 acrimonia
1116 4807 1174 4848 saa
1193 4786 1340 4871 linguam
1356 4808 1432 4852 mox
1448 4788 1491 4849 ita
1512 4789 1676 4866 laederet,
1705 4796 1741 4848 at
1758 4807 1861 4870 nego-

289 4900 372 4962 tium
396 4901 485 4964 istad
502 4923 563 4985 per
575 4900 657 4964 daos
681 4901 751 4965 dies
768 4922 935 4981 exercere,
951 4902 1176 4985 gravissimam
1195 4903 1386 4978 halrcrctur3
1412 4907 1444 4984 4)
1471 4906 1615 4988 slcniqac
1630 4905 1733 4966 fasces
1750 4925 1767 4963 0
1790 4901 1865 4966 oin·

288 5036 436 5079 namomo
454 5017 596 5080 collecto
612 5018 654 5081 ad
671 5017 799 5101 pondus
820 5017 978 5080 librarum
993 5020 1034 5085 85
1058 5020 1328 5101 conficiebantur,
1358 5021 1416 5105 qai
1438 5043 1597 5087 veronen
1616 5020 1679 5086 nisi
1697 5022 1738 5087 80
1759 5022 1862 5085 libra-

289 5151 363 5196 rum
385 5132 420 5197 in
440 5134 565 5198 tabulas
585 5132 815 5200 referebantur
837 5134 1081 5202 mercatoribus.

1451 5225 1538 5300 '10
