4470 6096
323 438 375 517 28

324 674 445 769 prima
469 670 593 770 specie
617 669 736 742 mnltn
759 669 930 743 inferior.
999 667 1125 744 Radix
1149 672 1361 770 Camphora
1385 670 1535 745 referta.
1563 674 1629 768 G.)
1655 678 1799 750 Crescit
1831 680 1918 752 satia
1959 706 2025 754 oo·

323 828 431 923 piosa
463 826 501 893 in
537 850 581 896 ea
615 837 721 921 parte
750 821 915 912 insulae,
948 843 1043 915 quae
1076 821 1303 895 occidentem
1328 824 1525 906 (orientem
1550 823 1616 922 G.)
1640 838 1801 920 spectat,
1834 852 1958 926 neque
1981 833 2025 903 in

323 987 430 1072 parta
455 974 637 1045 orientali.
663 1013 714 1027 -
737 972 762 1042 l.
789 996 819 1043 c.
845 971 923 1067 Fig.
951 973 1000 1042 5.

424 1128 467 1209 4)
496 1121 617 1195 Welle
646 1121 831 1214 coronale,
857 1125 882 1194 i.
897 1147 928 1193 e.
956 1076 1323 1195 Cinnamomufl‘
1338 1102 1607 1214 arenosum,
1635 1122 1736 1216 quod
1760 1133 1890 1197 cortex
1913 1151 2024 1217 mun-¹

322 1277 476 1346 ducatus
502 1272 619 1348 reluti
649 1272 866 1366 granulosua
899 1274 1114 1369 experiatur
1147 1270 1415 1366 strepitumque
1451 1272 1537 1342 edat
1573 1271 1672 1344 inter
1710 1273 1848 1344 dentes.
1910 1275 2023 1349 Folia

321 1434 407 1495 sunt
440 1423 566 1513 (lata)
611 1429 720 1495 ovato
735 1421 944 1515 ·oblonga,
985 1394 1359 1517 (oblongo-rotunda
1384 1418 1433 1489 G.
1432 1418 1466 1514 )‚
1495 1430 1628 1513 acuta,
1652 1422 1859 1513 minervia,
1887 1425 2023 1499 crebro

320 1574 450 1646 striata
474 1571 650 1665 veniaque
676 1570 855 1642 distinctis
882 1569 1088 1647 reticulata.
1138 1569 1280 1640 Cortex
1302 1566 1447 1647 (colore
1473 1581 1530 1637 2²⁰
1555 1567 1709 1666 speciei)
1734 1569 1919 1643 detractus
1946 1597 2024 1646 non

321 1721 574 1810 convolvitur,
603 1719 668 1790 aed
691 1718 821 1814 planus
848 1730 1026 1792 remanet.
1079 1717 1201 1791 Gustu
1227 1718 1320 1788 acris
1345 1725 1402 1786 est
1435 1726 1474 1785 at
1507 1716 1723 1791 subamarua
1758 1713 1862 1814 (satia
1895 1732 2024 1815 gratus

319 1884 358 1944 et
382 1870 601 1942 aromaticus
626 1868 705 1952 G.).
757 1868 880 1939 Radix
904 1868 1058 1963 praebat
1079 1889 1212 1963 parum
1240 1866 1483 1962 Campltoraa.
1508 1902 1560 1925 -
1578 1867 1602 1937 l.
1628 1891 1661 1940 c.
1683 1866 1762 1961 Fig.
1787 1877 1823 1955 4.

416 2019 459 2103 5)
484 2018 601 2091 Sewel
629 1995 819 2109 curanda,
848 2018 873 2087 i.
900 2040 932 2087 e.
959 2006 1315 2088 cinnamomum
1342 2018 1764 2111 mucilaginosum,
1801 2037 1850 2106 cx
1883 2040 2017 2111 sapore

318 2168 476 2279 corticis·
493 2177 613 2239 sumta
639 2164 957 2239 denominatione.
1000 2165 1117 2237 Foliis
1148 2166 1269 2261 priori
1308 2167 1447 2263 speciei
1479 2165 1706 2238 simillimum
1748 2178 1805 2238 ast
1839 2179 1878 2239 et
1916 2166 2016 2238 forte

316 2316 426 2386 huius
452 2317 632 2407 varietas,
655 2318 773 2389 nimio
806 2317 1007 2386 humorum
1041 2313 1185 2388 effluxu
1221 2315 1339 2386 diluto
1378 2326 1416 2386 et
1447 2315 1606 2385 alienato
1642 2312 1795 2385 corticis
1828 2327 2017 2409 aromate3

146 2447 153 2465 ’
213 2477 216 2483 “
316 2465 495 2561 [longiori
511 2468 514 2474 ’
531 2465 700 2535 acumine
735 2463 901 2558 praedita
934 2486 1013 2534 esse
1050 2464 1144 2536 folia
1176 2464 1454 2559 verruculisque
1492 2461 1707 2556 quibusdam
1741 2461 1916 2557 adspersa
1951 2462 2019 2560 G.)

318 2615 478 2686 Corticia
510 2615 621 2685 etiam
645 2614 749 2684 nulla
773 2613 854 2684 fere
879 2611 1170 2705 deprehenditur
1196 2612 1410 2704 diversitas,
1437 2611 1509 2681 nisi
1536 2609 1636 2704 quod
1666 2610 1915 2682 cinnamomo
1951 2634 2018 2683 no·

314 2766 383 2839 bili
408 2766 505 2874 (isti,
532 2761 650 2833 Semel
675 2761 846 2833 Curanda
889 2760 1011 2852 dicto,
1039 2758 1106 2859 (32)
1132 2759 1298 2833 maculae
1325 2762 1504 2854 quaedam
1530 2763 1725 2835 subfuscae
1757 2764 1797 2835 in
1823 2762 2018 2855 superficie

177 2918 182 2926 ’
316 2916 494 2991 exteriori
531 2912 678 2984 corticis
719 2910 1000 3005 conspiciantur.
1048 2906 1251 3005 (Terracina
1294 2933 1396 3004 esse,
1432 2911 1567 3002 molle,
1608 2910 1786 2984 fibrosum
1823 2908 2019 3006 fractaque

314 3063 465 3136 difficile
496 3060 666 3143 Thunb.)
740 3057 972 3132 Admiscetur
1005 3061 1130 3153 itaque
1160 3058 1292 3132 fraude
1318 3062 1510 3133 hominum
1538 3061 1697 3154 optimae
1721 3071 1831 3131 nome
1856 3060 2015 3154 acerris,

306 3213 451 3309 ‚coloris
485 3207 759 3304 pulchritudine
786 3205 910 3278 oculos
935 3204 1138 3299 decipiens,
1165 3206 1231 3277 aad
1256 3215 1312 3277 est
1336 3204 1475 3276 infirmi
1499 3209 1640 3302 saporis
1665 3208 1861 3302 odorisque
1885 3209 2018 3278 insua-

316 3362 394 3454 vis,
422 3357 583 3454 gelatina
607 3356 745 3446 etiam,
772 3355 870 3425 intus
896 3364 1089 3444 contenta,
1121 3353 1292 3426 redditur
1323 3353 1449 3448 paullo
1474 3358 1647 3434 tenacius.
1668 3393 1721 3409 —
1744 3356 1769 3425 l.
1792 3380 1821 3426 c.
1847 3357 1929 3451 Fig.
1957 3360 1993 3428 5.

413 3506 456 3605 6)
480 3504 601 3579 Mete
628 3502 822 3594 Carmeia,
851 3502 966 3596 (Nica
995 3501 1177 3575 Curunda
1202 3501 1383 3599 Thoan),
1421 3504 1469 3574 ob
1493 3502 1772 3575 similitudinem
1804 3504 1924 3576 Nieke
1957 3528 2016 3577 ar·

174 3668 177 3673 ’
312 3645 415 3731 boris
440 3657 573 3740 (Vitex
595 3653 777 3747 Negundo
802 3651 970 3737 Thunb.)
996 3653 1049 3722 sic
1075 3650 1236 3741 dictum,
1271 3650 1371 3723 foliis
1404 3647 1663 3749 (minoribus)
1702 3651 1868 3746 oblongis
1904 3649 2015 3748 (lan-

314 3774 467 3876 ceolatis
485 3800 654 3900 Thunb.)
679 3800 808 3873 obtuse
835 3799 1051 3873 acuminatis
1076 3800 1272 3874 confertim
1298 3803 1435 3873 strictis
1458 3802 1662 3893 triumfis,
1689 3804 1828 3876 cortice
1851 3802 2013 3899 insipido

310 3968 349 4026 et
373 3953 499 4025 odoris
523 3961 689 4045 experte,
715 3948 842 4022 colore
866 3962 988 4023 autem
1014 3952 1158 4046 primae
1182 3951 1316 4046 speciei
1341 3973 1518 4045 perquam
1544 3951 1668 4020 simili.
1695 3951 1738 4023 In
1764 3973 1836 4022 usu
1860 3952 2011 4023 medico

315 4115 370 4175 ast
383 4123 529 4192 succus,
549 4099 722 4170 ecortice
738 4098 777 4173 ri
792 4100 886 4191 ignis
908 4099 1065 4185 elicitus,
1090 4100 1153 4190 qui
1166 4097 1243 4168 cuti
1258 4098 1306 4166 ad
1322 4101 1482 4170 arcenda
1500 4101 1666 4194 contagia
1683 4099 1844 4171 illinitur
1853 4124 1865 4192 ;
1898 4100 2013 4171 etiam

314 4276 440 4324 succus
470 4271 667 4344 expressus
692 4249 803 4343 capiti
828 4241 1041 4315 roborando
1062 4253 1099 4313 et
1118 4243 1375 4339 refrigerando
1390 4245 1671 4343 imponitur·
1701 4249 1728 4320 l.
1744 4272 1776 4320 c.
1803 4244 1882 4344 mg.
1898 4249 1937 4320 a.

415 4396 455 4494 7)
478 4396 618 4469 Dowel
662 4395 834 4470 Corooda
877 4359 1038 4489 (Dawul
1071 4393 1253 4467 Curunda
1288 4392 1482 4489 Thoan),
1517 4399 1543 4468 i.
1577 4420 1610 4469 a.
1650 4398 2012 4472 Cinnamomum
2058 4494 2063 4511 ¹

312 4559 659 4644 tympanorum,
684 4513 1105 4636 (Trornmel-Zimmt),
1142 4540 1282 4617 scilicet
1311 4545 1411 4640 qnod
1440 4557 1613 4641 tympana
1645 4549 1684 4621 iu
1719 4550 1778 4621 hia
1808 4546 1924 4617 terris
1961 4566 2011 4616 ex

309 4698 416 4769 istius
460 4694 604 4767 arboris
642 4695 743 4790 ligno
780 4693 1047 4785 conficiantur,
1090 4690 1467 4789 (Cinnamomum
1505 4697 1726 4790 planum,
1762 4693 2014 4769 Breucum!

311 4840 480 4932 Thunb.)
529 4843 635 4916 Folia
659 4841 740 4915 fere
774 4846 1028 4943 praecedentia
1041 4895 1052 4935 ,
1092 4842 1157 4914 sed
1189 4812 1304 4938 magis
1342 4855 1447 4930 acuta
1488 4844 1666 4939 mollique
1701 4853 1766 4915 aut
1799 4847 2010 4940 snbrugosa

234 5083 238 5090 Ι
311 4992 504 5105 superficie
529 4994 706 5098 insignia,
733 4987 974 5088 (maculisque
998 4990 1176 5086 hepaticis
1201 4995 1397 5088 adspersa).
1437 4990 1595 5065 Corticie
1621 4991 1728 5064 color
1750 4991 1912 5089 pallidas
1936 5002 2009 5085 eat3

209 5126 216 5142 ⁷
310 5141 451 5217 viribus
477 5153 598 5214 autem
624 5152 663 5215 et
686 5106 756 5216 usn
780 5142 926 5214 corticis
951 5165 1037 5214 cum
1060 5134 1305 5236 praecedente
1337 5144 1518 5221 convenit.
1576 5138 1753 5238 (Lignum
1794 5143 1905 5218 laete
1942 5151 2009 5214 est
