4470 6096
97 408 349 470 ·v1.

307 612 491 692 Praefecti
506 630 592 691 sunt
603 618 712 689 horto
724 615 921 690 Professor
938 615 1133 688 Batanicas
1152 618 1360 692 ordinarius
1375 631 1414 693 et
1428 619 1639 717 inspectam
1662 627 1757 718 regit
1767 568 1926 698 diuma

226 785 372 859 labores
398 782 703 858 Hortulanus
738 781 1111 874 Universitatis,
1147 782 1420 877 Sinningius
1453 796 1594 877 noster,
1624 799 1661 857 ot
1683 788 1923 880 dexteritate,

225 962 267 1024 et
287 949 509 1038 eruditione,
527 959 566 1019 et
583 959 733 1020 strenua
756 947 937 1019 industria
954 916 1184 1042 ¹praestens3
1222 951 1291 1020 sub
1324 951 1395 1019 isto
1429 961 1554 1022 autem
1587 953 1690 1043 operi
1714 953 1925 1023 inserviunt

229 1117 396 1214 maxime·
416 1114 603 1185 hortulani
637 1115 709 1184 duo
744 1088 934 1198 iuvenes,
955 1114 1048 1186 bane
1073 1058 1266 1206 instructi5
1303 1113 1428 1186 colunt
1463 1107 1623 1208 operarii
1649 1110 1732 1187 octo
1755 1127 1922 1207 terram3

230 1282 397 1378 discipuli
423 1278 528 1395 du(
547 1282 595 1353 ab
621 1254 818 1353 hortulano
844 1281 1070 1368 instruendi,
1107 1280 1154 1349 ad
1184 1301 1313 1351 manus
1338 1292 1423 1350 sunt
1447 1280 1619 1374 reliquis,
1655 1291 1693 1350 et
1717 1305 1804 1352 sane
1829 1306 1924 1374 opus

229 1459 284 1520 eet
315 1447 518 1520 coniunctis
545 1446 709 1518 omnium
732 1445 893 1537 risibus,
928 1456 971 1515 ut
999 1456 1195 1553 superetur
1219 1469 1328 1538 saepo
1354 1446 1768 1518 nimium'inerescentis
1796 1448 1922 1537 operis

231 1611 437 1686 difficultas.

329 1779 392 1849 Bis
417 1800 486 1871 per
509 1776 805 1865 hebdomadem,
824 1774 954 1844 diebus
980 1769 1111 1843 Martis
1136 1784 1174 1844 et
1197 1773 1380 1867 Veneris,
1408 1776 1500 1847 hora
1522 1779 1632 1847 tertia
1657 1778 1703 1846 ad
1727 1779 1923 1872 septimam

226 1942 548 2036 post'meridiem,
576 1941 694 2010 aditus
719 1939 765 2008 ad
790 1938 938 2009 hortum
963 1948 1063 2032 patet
1088 1938 1278 2031 omnibus,
1307 1942 1369 2034 qui
1393 1941 1525 2032 plantis
1549 1941 1608 2016 vel
1636 1943 1742 2012 docte
1772 1944 1924 2012 student

67 2120 70 2124 ’
228 2105 289 2178 vel
314 2106 443 2176 iisdem
472 2106 519 2174 ad
544 2105 655 2174 animi
680 2105 861 2173 unaarum
874 2102 1153 2172 delectationem
1168 2115 1332 2173 utuntur.
1378 2101 1489 2174 Adire
1508 2103 1668 2175 caldaria
1686 2117 1723 2174 et
1739 2105 1923 2177 hiberna-

230 2269 312 2339 cula
352 2268 583 2363 plantarum,
622 2267 783 2356 nemini,
824 2267 895 2336 nisi
928 2269 1184 2375 permittente,
1228 2281 1337 2364 atque
1363 2271 1472 2342 etiam
1507 2273 1685 2359 ducente,
1705 2251 1922 2343 'hortulano
1971 2244 1974 2249 Ι

228 2435 325 2506 licet.
377 2435 744 2529 Peregrinatoribus,
782 2433 845 2529 qui
878 2456 954 2503 non
985 2433 1055 2504 nisi
1090 2437 1262 2529 exiguum
1297 2448 1440 2528 tempus
1466 2438 1505 2505 in
1536 2437 1631 2507 urbo
1656 2439 1923 2505 commoraturi

228 2600 321 2689 sint,
357 2622 519 2670 accessus
545 2598 593 2669 ad
606 2598 767 2687 hortum
792 2619 861 2690 per
874 2556 1081 2690 praefectos
1101 2596 1178 2667 eius
1193 2594 1319 2688 quavis
1335 2594 1427 2663 hora
1445 2581 1667 2665 concedetur
1677 2644 1688 2681 ,
1716 2593 1760 2660 iis
1778 2603 1918 2679 autem,

229 2767 293 2860 qui
326 2767 384 2836 rei
416 2766 607 2836 botanicae
632 2766 671 2834 in
697 2766 765 2834 hac
791 2763 998 2834 litterarum
1023 2762 1260 2834 universitate
1286 2758 1456 2847 student,
1494 2755 1763 2849 praefiniuntur
1788 2758 1919 2844 horae,

228 2931 273 2999 ad
297 2902 606 3024 frequentandum
632 2912 781 2998 hortum
806 2925 972 2998 idoneae.
1025 2880 1184 3018 collegis
1217 2927 1332 2997 doctis
1359 2935 1396 2995 et
1420 2925 1514 2994 caris
1540 2922 1748 2993 iubentibus
1774 2944 1923 3012 semper

200 3111 206 3122 '
226 3097 421 3190 adapertae
446 3107 531 3167 sunt
555 3093 680 3183 fores,
709 3092 930 3161 clauduntur
955 3090 1073 3158 otioso
1099 3101 1136 3157 at
1154 3088 1333 3179 petulanti
1353 3081 1622 3152 ambulatorum
1642 3084 1775 3175 vulgo;
1801 3106 1922 3176 neque

227 3264 391 3354 praemio
413 3246 619 3354 effringitur
635 3212 904 3352 portafneque
922 3252 1093 3328 venditur
1106 3251 1298 3345 quicquam
1314 3248 1614 3338 sollicitantibus,
1642 3250 1706 3318 sed
1723 3247 1828 3316 firma
1849 3259 1923 3315 stat

227 3426 329 3518 lege,
369 3426 414 3495 ab
450 3428 529 3517 ipsa
554 3435 685 3494 natura
717 3423 854 3492 sancita
887 3430 925 3490 et
958 3419 1113 3488 Reme
1148 3416 1532 3489 Ponurtntsslau
1566 3436 1708 3482 summa
1742 3412 1921 3504 sapientia

227 3592 333 3672 nobis
360 3590 605 3684 praescripta:

380 3754 497 3822 odisse
523 3750 675 3844 vulgus,
703 3749 854 3841 largiter
879 3756 1003 3817 autem
1031 3745 1193 3817 conferri
1217 3746 1255 3815 in
1277 3746 1423 3833 doctos,
1452 3744 1578 3833 reique
1601 3741 1792 3809 herbariae
1812 3728 1921 3807 veros

378 3918 556 4006 cultores,
604 3937 840 4011 quaecunque
876 3913 973 3984 alma
1007 3924 1124 3985 mater
1148 3911 1325 4006 produxit
1351 3920 1389 3979 et
1414 3904 1534 3975 lausto
1560 3906 1633 3973 iam
1659 3902 1755 3993 apud
1782 3925 1848 3970 noe
1872 3899 1921 3967 si-

381 4081 472 4150 dere
493 4080 620 4168 nutrit.

934 4203 1194 4220 W

616 4328 897 4423 Explicatio
930 4314 1292 4396 delineationis
1314 4323 1539 4397 adiectae.

315 4521 343 4561 a.
371 4496 477 4560 Aedes
508 4494 624 4559 Musei.
665 4496 695 4558 b.
729 4495 836 4556 Fossa.
878 4512 904 4554 c.
937 4490 1040 4552 Areae
1072 4490 1257 4574 plantarum
1290 4484 1678 4568 monocotyledoneurum
1713 4481 1920 4566 perennium.

231 4613 263 4679 d.
286 4615 390 4677 Areae
419 4612 605 4696 plantarum
634 4609 957 4693 dicotylodonearum
987 4589 1190 4690 perennium.
1232 4625 1259 4663 c.
1279 4603 1413 4664 Plantae
1446 4601 1604 4683 palustres
1636 4607 1669 4659 et
1689 4598 1855 4678 aquatiles.
1889 4594 1921 4674 s.

229 4729 314 4792 Area
339 4731 524 4813 plantarum
558 4747 750 4786 annuarum.
801 4744 831 4804 g.
853 4721 1018 4783 arboreta.
1060 4722 1090 4780 a.
1115 4716 1333 4819 Hibernapula
1360 4713 1490 4775 maiora.
1532 4717 1553 4774 ι’.
1587 4711 1774 4775 Caldarium
1803 4709 1922 4814 minus.

230 4846 260 4909 lt.
280 4843 468 4929 vaporaria.
509 4842 531 4902 ἱ.
555 4842 633 4905 Pars
656 4839 725 4924 agri
750 4839 873 4902 inculta
892 4847 967 4900 ante
997 4835 1092 4899 aedes
1114 4834 1236 4911 Musei,
1266 4854 1324 4896 suo
1344 4840 1488 4916 tempore
1512 4829 1720 4896 conserenda.
1763 4848 1803 4888 m.
1825 4827 1922 4890 Porta

232 4945 442 5052 principalis,
470 4966 583 5045 postea
601 4954 808 5021 exstruenda.
849 4976 881 5017 a.
901 4952 1038 5017 Portula
1058 4951 1145 5013 horti
1168 4924 1277 5009 altera.

860 5105 1297 5139 ψ
