4470 6096
1032 563 1431 734 ‘synonyma

481 793 746 867 'Melabathrum
767 800 801 858 et
818 789 960 859 Folium
973 787 1099 856 Indum
1123 788 1209 863 offic.
1230 793 1307 862 Ioh.
1322 796 1431 864 Bauh.
1453 796 1545 868 Hiar:
1565 797 1593 866 I.
1609 819 1641 884 p.
1657 801 1721 867 tto
1736 833 1777 849 —
1792 798 1865 872 435.

490 924 702 995 Melabathri
716 920 837 992 lolium
853 921 978 1008 Breyn.
996 925 1033 988 in
1047 921 1193 1012 Ephem.
1209 925 1316 996 Acad.
1329 927 1374 994 N.
1392 928 1431 996 C.
1444 928 1538 1031 Dec.
1560 950 1588 996 r.
1601 929 1694 1000 Anu.
1712 933 1743 997 o,
1760 953 1793 1017 p.
1814 932 2010 1003 139et1oo.

490 1061 605 1130 Arbor
623 1055 822 1126 canellifera
838 1057 953 1123 indica
968 1058 1095 1126 cortice
1119 1060 1286 1129 acerrimo
1312 1060 1443 1128 viscido
1459 1059 1758 1147 s.·mucilsginoso
1773 1064 1899 1148 Brcyn.
1918 1064 2038 1136 Prodr.
2057 1070 2111 1141 Π.

599 1191 673 1265 ‚tt
694 1212 729 1256 n.
751 1193 783 1258 2.
967 1248 971 1253 .

446 1305 451 1317 '
490 1216 602 1392 Karoia
615 1325 732 1386 Karna
751 1321 879 1390 Rhced.
896 1323 982 1393 Mai.
998 1320 1040 1387 V.
1062 1346 1094 1410 p.
1113 1323 1187 1396 105.
1202 1326 1273 1394 tab.
1288 1322 1359 1392 bd!

397 1436 398 1442 ἵ
490 1451 635 1523 Canella
649 1450 827 1539 sylvestris
845 1453 972 1527 malab.
990 1456 1068 1523 Rai.
1090 1455 1186 1525 Hist.
1199 1478 1232 1543 p.
1250 1451 1343 1528 1562.

555 1612 571 1649 ι
720 1611 737 1647 a
886 1612 903 1650 a
989 1588 1155 1655 Dexbach
1177 1593 1218 1653 in
1232 1586 1371 1657 Valent.
1389 1585 1478 1659 Hist.
1492 1586 1607 1674 simpl.
1624 1608 1657 1674 p.
1672 1588 1747 1657 600.

490 1720 627 1791 Laurus
649 1721 932 1802 Melabathrum,
961 1720 1054 1791 foliis
1076 1702 1255 1791 trine'rniis
1288 1719 1653 1805 ovato-lanceolam,
1681 1723 1800 1792 nervia
1828 1740 1950 1792 verens
1972 1725 2113 1811 apicem
2199 1698 2206 1715 Σ

573 1851 827 1921 confluentibus
849 1857 968 1928 Burin.
989 1855 1067 1921 lud.
1089 1878 1121 1939 p.
1141 1856 1195 1924 92.

485 1985 525 2055 L.
555 1982 825 2050 cinnamomum
865 1983 936 2050 Var
971 1989 991 2068 β
1034 1984 1113 2055 Lin.
1142 1984 1235 2056 Flor.
1267 1983 1362 2073 Zeyl.
1389 1986 1461 2056 tto.
1484 1982 1572 2054 Mat.
1598 1987 1687 2060 med.
1712 2009 1744 2074 p.
1773 1987 1825 2056 bt.
1850 1985 1948 2074 Spec.
1972 1985 2019 2072 pl.
2055 1989 2114 2057 ad.

571 2112 687 2185 Willd.
712 2112 788 2181 Vol.
809 2114 857 2183 11.
875 2138 909 2200 p.
925 2119 1009 2199 1177.

491 2244 530 2308 L.
554 2242 801 2309 malabathrico
823 2241 934 2315 Roxb.
948 2243 992 2313 H.
1009 2246 1111 2330 bcug.
1130 2269 1164 2333 p.
1184 2247 1235 2316 30.

492 2374 530 2439 L.
554 2375 815 2444 Melabathrutn
838 2377 1007 2441 Dicrbccls
1026 2378 1209 2442 Handbuclr
1226 2379 1284 2444 der
1298 2340 1392 2447 med..
1402 2380 1530 2462 phorm.
1542 2381 1618 2451 Boc.
1637 2401 1671 2466 p.
1685 2381 1758 2448 152

500 2532 517 2569 ι
664 2534 681 2566 ι
833 2509 938 2594 Virey
960 2512 1051 2574 Hist·
1065 2510 1225 2575 staturelle
1238 2510 1295 2576 des
1316 2512 1395 2578 med.
1408 2534 1441 2596 p.
1461 2507 1530 2581 163.

1123 2695 1408 2757 Patria.

510 2839 727 2936 Melabaria,
756 2855 793 2914 et
818 2845 967 2942 quidem
990 2846 1030 2917 in
1054 2845 1144 2916 locis
1168 2847 1346 2919 montosis
1372 2846 1655 2922 Provinciamm
1682 2843 1922 2916 Teclencour
1942 2853 1980 2914 et
2002 2841 2115 2913 Ber-

412 2987 575 3061 kencour
600 2987 824 3086 (Rheede);
851 2993 890 3063 in
917 2991 1035 3065 hortis
1056 2993 1212 3088 nostris,
1231 3004 1342 3090 atque
1367 2995 1461 3066 adeo
1483 2994 1523 3065 in
1542 2995 1727 3067 ditissimis
1753 2991 1959 3090 Anglorum
1979 2989 2115 3063 calda-

413 3137 501 3228 riis,
529 3135 670 3208 frustra
691 3138 892 3232 quaeritur.
991 3128 998 3141 ’

1068 3296 1449 3383 Descriptio.

512 3446 660 3539 Arbor,
698 3449 898 3520 secundum
918 3445 1149 3539 Rheerlium,
1168 3451 1231 3543 qui
1260 3450 1360 3521 solus
1384 3473 1465 3522 cam
1490 3449 1685 3544 descripsit
1707 3458 1744 3520 et
1763 3451 1870 3521 icone
1892 3447 2114 3543 illustravit,

416 3597 543 3669 Lauro
565 3599 905 3697 Cassiaepequam
928 3600 1057 3673 similis
1081 3610 1158 3692 est,
1186 3598 1250 3670 sed
1266 3596 1384 3667 maior
1408 3606 1445 3667 et
1470 3593 1591 3665 altior.
1640 3593 1748 3664 Folia
1771 3592 1946 3684 maxima,
1976 3596 2118 3686 pedam

419 3744 749 3839 etsesquialterum
771 3742 898 3841 longa,
925 3747 1049 3819 uncias
1069 3700 1231 3842 quinque
1255 3754 1294 3815 et
1321 3742 1418 3814 ultra
1433 3742 1528 3835 lata,
1557 3741 1733 3836 oblonga,
1758 3753 1887 3835 acuta,
1914 3743 2115 3837 trinacria,

416 3892 542 3966 nervis
573 3892 702 3968 validis
727 3893 765 3964 in
795 3892 877 3965 folii
911 3885 1052 3987 apicem
1092 3893 1393 3987 percurrentibus
1418 3903 1457 3964 et
1484 3890 1628 3967 venulis
1662 3882 1803 3963 crebris
1831 3892 1932 3962 inter
1955 3914 1997 3962 se
2024 3915 2120 3964 con·

416 4038 533 4111 nexis.
582 4039 714 4112 Floras
738 4042 858 4136 parri,
884 4041 1048 4133 inodori,
1072 4039 1439 4132 viridi-albicantes,
1466 4040 1507 4111 in
1528 4039 1713 4134 paniculas
1734 4038 1947 4110 terminales
1970 4037 2120 4112 trifidas

416 4185 593 4279 dispositi.
645 4186 797 4258 Corolia
829 4191 1133 4289 quinquepartita.
1185 4189 1350 4260 Stamina
1379 4188 1553 4285 quinque.
1571 4183 1623 4286 (i)
1671 4187 1792 4259 Bacca
1811 4208 1947 4282 parva,
1978 4187 2122 4259 calicu-

418 4332 516 4426 lata,
533 4337 781 4431 magnitudino
803 4338 950 4410 ribium.

519 4479 632 4562 Adn.
655 4485 685 4554 1.
712 4486 900 4557 corticem
919 4487 1026 4558 huius
1043 4489 1188 4580 arboris
1213 4512 1297 4558 cum
1311 4511 1356 4558 eo
1373 4484 1494 4556 Lauri
1512 4482 1658 4574 Cassiae
1681 4482 1795 4554 odoro
1813 4490 1855 4552 et
1867 4439 2000 4575 sapore
2017 4502 2122 4552 con-

420 4628 564 4722 venire,
585 4652 633 4702 ex
654 4628 821 4704 theedio
845 4633 1102 4728 comperimus.
1117 4670 1166 4690 -
1183 4633 1237 4702 ‘ln
1268 4613 1429 4704 ‘officinis
1455 4630 1591 4702 nostris
1617 4629 1774 4724 ‘nomine
1805 4626 1997 4698 Cassiae
2023 4616 2123 4721 lig-

419 4800 538 4848 neae
572 4778 737 4851 occurrit
747 4831 760 4870 ‚
797 4780 923 4851 colora
958 4779 1164 4850 obscuriori
1189 4799 1226 4850 et
1248 4779 1476 4874 mucilaginis
1506 4776 1727 4851 abnndantia
1749 4748 1909 4868 insignis.
1961 4770 2125 4867 Saepius

420 4934 511 4994 vero
530 4935 568 4996 et
580 4923 689 4996 huius
709 4935 747 4997 et
765 4925 884 4996 Lauri
906 4926 1050 4999 Cassiae
1068 4938 1210 5016 cortex,
1233 4902 1479 4999 destillatione
1501 4927 1601 4998 omni
1622 4922 1703 4999 fere
1730 4921 1814 4996 oleo
1836 4919 2013 5007 aethereo
2029 4920 2124 5014 pri-

289 5096 292 5100 ·
419 5081 540 5165 ratus,
567 5072 664 5144 dicto
677 5072 826 5145 nornine
841 5073 1063 5150 divenditur.
1114 5074 1221 5147 Folia
1240 5074 1432 5171 utriusque
1451 5074 1587 5169 speciei
1608 5082 1695 5145 sunt
1717 5068 1861 5143 Folia
1880 5063 2137 5179 Indi-offic.-
