4470 6096
276 401 366 498 r³2

303 678 304 682 =
412 629 580 728 Augetur
587 633 746 728 suspicio
762 635 831 708 ista
843 635 1049 724 Burmanni
1063 641 1202 734 verbis,
1216 665 1308 737 quae
1327 640 1587 740 sequuntur*):
1609 648 1796 741 »quumin
1807 631 2024 726 Hermanni

314 777 506 852 Herbario
522 782 625 854 nulla
642 755 826 859 distinctio
842 788 942 860 inter
953 788 1048 860 hano
1064 792 1260 885 (speeiem)
1272 802 1311 865 et
1328 795 1484 887 primam
1511 791 1821 891 (cinnamomum
1848 805 2021 903 rerum),
2048 846 2054 856 ·

207 946 212 954 ·
315 927 440 1022 quoad
457 949 593 1000 nomen
609 931 840 1024 occurrebat,
863 956 995 1030 anceps
1020 933 1137 1028 haesi,
1165 938 1351 1032 quodnam
1374 941 1579 1035 legitimum
1603 955 1701 1016 esset
1718 945 2020 1025 cinnamomum.

312 1072 519 1148 Auctorum
556 1099 649 1150 vero
681 1079 1000 1175 denominationes
1034 1093 1072 1155 et
1096 1074 1396 1182 descriptiones,
1436 1100 1479 1160 ut
1507 1103 1547 1162 et
1570 1089 1706 1186 figuras
1740 1094 1794 1165 H.
1825 1097 1873 1168 L.'
1898 1096 1942 1169 Β.
1981 1113 2022 1172 ot

313 1225 506 1328 Malab.(!)
526 1241 696 1303 accurate
720 1231 966 1326 perpendens,
993 1232 1095 1325 prius
1123 1234 1406 1325 Cinnamomum
1432 1234 1636 1331 legitimum
1661 1250 1700 1312 et
1723 1242 1919 1338 optimum,
1944 1245 2021 1319 hoc

313 1375 428 1451 vilius
449 1389 488 1448 et
512 1380 692 1475 sylvestre
716 1404 795 1452 esse
820 1393 957 1477 puto,
983 1381 1082 1477 quod
1103 1351 1228 1457 autem
1249 1386 1363 1458 huic
1387 1387 1427 1459 in
1450 1384 1582 1459 Museo
1602 1390 1800 1486 Zeylanico
1818 1392 2022 1487 ¹flosculi

174 1565 177 1574 ·
240 1554 245 1563 ·
311 1524 615 1600 verticillati
647 1527 927 1624 adscribantur,
975 1553 1052 1602 non
1084 1534 1273 1606 communi
1312 1559 1423 1616 sensu
1446 1537 1618 1611 botanioo
1651 1552 1708 1612 est
1740 1545 2017 1639 accipiendum,

311 1673 454 1747 scilieet
479 1678 578 1772 quod
603 1678 715 1751 flores
740 1680 840 1751 circa
865 1679 985 1753 caules
1019 1683 1060 1753 in
1084 1683 1286 1756 verticillos
1318 1684 1493 1757 collectos
1519 1699 1645 1781 gerat,
1678 1691 1762 1760 sed
1788 1695 2018 1767 verticil-

311 1823 434 1897 latos
460 1828 484 1897 i.
499 1851 534 1902 e.
558 1830 598 1899 in
623 1852 797 1903 summo
823 1830 983 1905 caulium
1009 1826 1068 1906 vel
1092 1835 1233 1907 vertice
1255 1834 1410 1929 positos,
1436 1835 1485 1907 ad
1498 1833 1747 1909 differentiam
1767 1839 1893 1932 primi,
1915 1843 2044 1951 quod'

310 1972 422 2047 flores
447 1998 517 2069 per
542 1977 664 2049 caules
690 1979 791 2052 inter
816 1977 906 2053 solia
930 1981 1115 2077 dispersos
1140 1984 1251 2056 etiam
1277 1947 1469 2059 habeatsss

413 2127 698 2219 Quaerebantur
713 2133 838 2229 itaqua
862 2157 885 2202 a
906 2133 1123 2205 Burmauno
1139 2135 1372 2209 diversarum
1390 2134 1595 2230 specierum
1609 2133 1789 2231 exempla,
1800 2172 1846 2192 -
1861 2136 2020 2250 aderant

310 2276 426 2368 nulla,
451 2303 548 2377 quae
571 2281 698 2354 beatus
719 2282 960 2356 Hermannus
986 2287 1064 2381 ipse
1089 2287 1165 2357 iam
1181 2274 1415 2354 distinxisset
1440 2281 1706 2356 Inveniebatur
1731 2307 1869 2376 ramus,
1893 2250 2019 2381 specie

311 2426 508 2500 admodum
540 2430 735 2522 diversus,
775 2429 896 2504 »loliis
921 2434 1039 2505 multo
1064 2432 1271 2504 minoribus
1303 2429 1574 2523 angustioribus
1604 2433 1719 2525 magis
1745 2432 1859 2502 acutis
1884 2432 2018 2504 subtus

309 2575 457 2670 pallidis
475 2589 513 2650 et
537 2552 642 2651 feni
666 2559 804 2685 aeriis«
834 2581 938 2654 'Palis
956 2584 1141 2679 descripta
1156 2594 1235 2654 est:
1260 2558 1458 2651 canella
1482 2580 1735 2674 Zeylanica
1758 2581 2016 2673 silvestria,

176 2805 179 2811 ⁵
312 2725 465 2796 odore
494 2737 544 2798 'et
575 2702 746 2822 sapere
771 2731 1018 2824 myrrhae,
1060 2731 1276 2802 flosculis
1310 2723 1546 2802 verticilloeis
1579 2727 1676 2798 Mus.
1715 2729 1817 2824 Zayl.
1851 2753 1889 2822 p.
1932 2731 2015 2822 sc,

312 2874 473 2945 Cassia
499 2875 823 2949 cinnamomea
846 2877 1069 2974 Myrrhae
1095 2881 1253 2972 odore,
1280 2876 1406 2950 folio
1427 2867 1832 2949 trinerri‘subtus
1858 2881 2017 2950 caesio

310 3022 566 3098 Nicoduwola
603 3026 982 3120 cingalensibus
1017 3029 1123 3099 diota.
1146 3010 1302 3098 'Pluere
1336 3022 1434 3097 Alm.
1469 3049 1507 3118 p.
1541 3027 1616 3119 89„
1643 3020 1728 3120 (oui
1753 3025 1846 3096 bene
1871 3026 2019 3099 accedit

309 3172 395 3242 icon
412 3183 441 3242 t.
451 3173 541 3260 581.
555 3172 583 3242 f.
604 3172 820 3245 ahmalth:
836 3176 960 3269 pdr.)
982 3173 1090 3244 Haec
1107 3195 1193 3248 vcro
1218 3169 1360 3270 species
1386 3168 1515 3238 eadem
1541 3181 1609 3261 est,
1638 3194 1679 3240 ac
1703 3169 2019 3268 Dowelourundu

311 3317 620 3413 Ceylanensium,
667 3341 787 3414 neque
814 3340 859 3389 ea
884 3291 1007 3389 tamen
1032 3277 1142 3386 Moel
1169 3313 1350 3387 curundu
1364 3364 1375 3405 ,
1404 3292 1470 3386 seu
1495 3314 1730 3387 floridum
1753 3315 1867 3408 illud,
1890 3343 2018 3419 nequa

313 3465 465 3537 omnino
502 3464 738 3534 cinnamomi
780 3464 946 3559 generis,
991 3463 1089 3538 sire·
1106 3450 1259 3535 odorem
1299 3472 1464 3556 spectes,
1503 3463 1580 3535 sire
1617 3462 1750 3535 florem
1784 3466 2015 3565 modumque

312 3613 515 3687 crescendi.
567 3611 721 3687 Profert
745 3613 844 3688 enisu
867 3613 959 3686 haec
984 3612 1096 3684 flores
1121 3611 1297 3688 axillares
1319 3619 1356 3679 et
1381 3576 1463 3680 sere
1487 3608 1652 3702 sessiles,
1681 3613 1746 3709 qui
1769 3611 1869 3684 haud
1883 3615 2013 3712 inepte

313 3760 618 3845 verticilleti
650 3772 688 3831 et
718 3708 839 3834 iideri
865 3771 904 3832 et
929 3761 1160 3833 denominari
1193 3769 1346 3856 possent
1370 3759 1443 3831 illis
1468 3762 1773 3881 temporibus-1
1803 3764 2014 3862 Adscripsit

240 3945 244 3960 =
308 3914 436 4007 itaque
469 3914 757 3982 Burmannus
788 3911 859 3982 ista
882 3930 1120 4006 synonyma,¹
1141 3878 1400 4006 descripsit'et
1421 3910 1541 4005 pinxit
1565 3909 1673 3983 aliam
1698 3911 1879 4007 plantam,
1913 3917 2013 3992 Cin·

204 4146 207 4154 Α
310 4062 475 4138 namomi
502 4083 631 4136 veram
656 4061 807 4156 quidem
829 4062 1011 4156 speciem,
1038 4062 1104 4132 sed
1130 4085 1212 4133 eam
1236 4060 1378 4136 viribus
1403 4059 1586 4153 debilem,
1625 4084 1695 4133 nec
1718 4063 1791 4133 nisi
1819 4068 2012 4140 »contritis

310 4215 410 4286 foliis
445 4204 614 4282 odorem
639 4208 873 4280 cinnamomi
909 4217 1164 4302 spargentem,
1179 4235 1196 4271 ιι
1246 4204 1346 4276 foliis
1378 4219 1522 4299 autem,
1557 4221 1601 4281 ut
1624 4233 1720 4308 quae
1743 4213 1925 4329 maxime,
1953 4214 2012 4288 illi

311 4360 552 4457 Myrrham
576 4356 730 4431 olenti
752 4353 912 4430 similem
943 4365 982 4447 et
1015 4355 1089 4431 iam
1115 4378 1139 4424 a
1162 4352 1425 4450 Pluelrenetio,
1465 4359 1529 4453 qui
1558 4322 1834 4436 Nicaduwoloe
1867 4383 2011 4456 nomen

289 4457 399 4584 'snae
437 4508 688 4600 adscriberet,
732 4530 817 4580 cnm
852 4505 984 4578 eadem
1021 4516 1307 4599 commutatam,
1358 4507 1445 4579 licet
1485 4509 1555 4579 ista
1587 4509 1834 4581 barbarorum
1872 4512 2011 4606 appel·

309 4658 401 4732 latio
427 4679 470 4729 re
496 4678 586 4732 uera
610 4657 734 4751 potius
764 4654 1063 4729 Burmannianae
1087 4653 1236 4748 plantae
1259 4656 1412 4750 propria
1451 4677 1530 4727 esse
1563 4656 1754 4747 rideatur,
1789 4679 1875 4730 cum
1916 4657 2011 4753 plu-

311 4810 493 4880 rimorum
528 4802 713 4880 tutorum
738 4803 833 4902 fide,
872 4826 1004 4883 aarum
1035 4800 1194 4898 Myrrha
1229 4801 1425 4895 fragrantis
1459 4803 1611 4877 cassiae
1645 4807 1685 4876 in
1720 4804 2010 4901 Ceylanensium

352 5093 379 5171 ·)
408 5091 430 5154 1.
454 5113 479 5152 a
503 5113 535 5175 Ι».
556 5090 607 5169 64.
