4470 6096
1776 458 1805 532 9

109 679 313 772 admodum
331 696 558 789 fulvescena3
583 694 745 789 itemque
770 690 971 764 tertium
988 679 1142 784 'nigrum
1176 699 1215 761 et
1236 674 1344 766 valde
1371 670 1581 762 odoratum:
1616 666 1804 789 cocordiae

110 830 236 906 δὲκαὶ
267 836 311 902 ὀυ
337 830 601 927 πολυγόναςτον.
652 822 1033 918 Quartumalbum
1059 832 1137 914 ast,
1163 820 1383 917 fungosum,
1414 834 1561 917 aspectu
1588 824 1806 895 tuberosum

108 981 239 1074 fragile
256 1005 300 1051 ao
324 979 419 1069 rile,
454 978 612 1072 μεγάλην
636 970 724 1074 ’ἕχον
748 972 855 1073 ῥίζαν
877 966 1287 1065 κασσιζοήσανμ-
1311 969 1534 1060 Quintum
1559 968 1676 1039 odore*
1694 993 1803 1041 nares

108 1127 213 1219 ferit,
227 1124 398 1200 fulvesoit
410 1123 799 1218 corticemque'habet,
813 1123 978 1193 casiae
993 1118 1128 1191 rufae
1143 1119 1386 1210 simillimum,
1396 1131 1496 1190 tactu
1509 1131 1633 1192 autem
1646 1119 1805 1195 solidum

108 1276 334 1368 minimeque
357 1273 549 1364 fibrosum,
569 1259 693 1343 radice
718 1294 842 1344 crassa
858 1271 1135 1366 praeditum-
1150 1271 1244 1361 Quis
1263 1270 1324 1340 hic
1349 1291 1425 1342 non
1451 1271 1566 1362 videt,
1594 1273 1802 1344 Cassiam

108 1427 209 1496 illam
228 1423 383 1495 rufam
399 1433 436 1494 et
459 1422 791 1516 miaylliticam
822 1423 1056 1495 cinnamomi
1075 1421 1212 1494 fistulas
1228 1421 1561 1514 esse,Diosooridis
1572 1425 1803 1518 temporibus

82 1576 181 1674 'iam
210 1571 307 1643 forte
333 1597 356 1643 a
381 1573 546 1666 gentibus
574 1571 813 1643 orientalibus
840 1569 1037 1642 artificiose
1062 1582 1228 1667 paratas,
1255 1570 1430 1666 nigram
1456 1581 1579 1643 autem
1599 1573 1802 1643 Cassiam

52 5138 83 5209 ¹2³.

109 1745 192 1791 cum
217 1722 327 1791 tertio
353 1721 418 1790 illo
443 1742 509 1790 seu
533 1720 640 1814 nigro
667 1718 910 1790 Cinnamomo
935 1719 974 1788 in
1000 1717 1162 1791 ramulos
1181 1718 1416 1810 cinnamomi,
1428 1719 1589 1812 integros
1609 1721 1804 1816 decerptos

108 1871 186 1941 sive
212 1868 258 1938 ab
291 1867 418 1942 avibus
447 1887 578 1940 revera
599 1866 763 1956 ablatos,
799 1865 930 1935 melius
963 1887 1189 1958 congruere,
1217 1865 1376 1960 denique
1409 1889 1518 1938 omne
1549 1867 1664 1959 illud,
1702 1871 1802 1962 quod

108 2015 364 2111 Mosyllitis
384 2016 647 2111 appellabatur,
667 2015 965 2106 Cinnamomum,
989 2026 1069 2085 tum
1091 2024 1307 2108 quartum
1332 2027 1370 2085 et
1395 2017 1619 2109 quintum,
1640 2040 1801 2112 quorum
1856 2034 1861 2054 ‘

110 2166 251 2234 radices
278 2189 362 2237 cum
384 2167 470 2260 ipsis
495 2165 650 2236 surculis
675 2163 939 2236 adferebantur
970 2216 982 2255 ,
1010 2185 1121 2257 quam
1145 2161 1354 2255 longissima
1380 2164 1505 2236 abesse
1537 2189 1560 2235 a
1592 2189 1684 2240 vera
1713 2169 1801 2238 ciu-

108 2315 272 2383 namomi
298 2312 434 2406 indole,
462 2323 587 2409 utpote
612 2337 705 2410 quae
728 2314 845 2386 multo
868 2313 982 2405 magis
1008 2311 1389 2403 adcardamoma,
1418 2312 1477 2384 vel
1499 2315 1547 2384 ad
1572 2315 1671 2385 aliud
1686 2318 1802 2412 quod·

109 2482 252 2553 cunque
277 2461 672 2534 Soitaminearum
697 2464 984 2559 aromaticarum
997 2462 1211 2558 aeriumque
1224 2487 1336 2556 genua
1356 2465 1576 2559 pertinuisse
1595 2466 1800 2540 videantur.

108 2603 181 2674 His
208 2609 377 2678 omnibus
411 2619 531 2680 antem
567 2609 703 2704 optime
727 2610 814 2705 illa,
852 2635 946 2706 quae
978 2636 1091 2710 supra
1116 2637 1163 2684 ex
1189 2611 1445 2686 Herodoto
1471 2615 1580 2688 allata
1599 2624 1705 2710 aunt,
1733 2640 1802 2689 re-

109 2755 300 2852 spondent.

765 2969 810 3005 κ

208 3046 389 3119 Plinius
414 3053 620 3143 posthaec,
649 3056 746 3126 inter
770 3049 1014 3150 Romanos,*)
1040 3052 1281 3131 Herodotum
1307 3057 1485 3148 refutans,
1511 3062 1667 3156 legendo
1689 3054 1800 3161 atque'

108 3195 322 3285 scribendo,
350 3220 444 3290 quae
485 3219 672 3292 nunquam
709 3199 950 3294 adspexerat,
991 3206 1182 3277 erroribus
1206 3210 1331 3280 multis
1371 3215 1667 3310 gravissimisque
1702 3227 1801 3295 totus
1849 3271 1853 3282 .

109 3345 309 3415 succubuit.
361 3346 404 3415 In
429 3343 682 3439 Aethiopia
715 3349 815 3418 nasci
840 3349 1198 3427 cinnamomum
1224 3354 1485 3453 (quodetiam
1518 3362 1801 3439 cinnamum

109 3493 261 3573 scribit)
298 3492 509 3586 ibidemque
548 3518 569 3563 a
604 3490 842 3590 Troglodytis
868 3500 1076 3597 coiimtum,
1104 3509 1254 3582 navium
1284 3512 1493 3605 periculoso
1518 3525 1554 3584 et
1579 3517 1665 3586 rudi
1691 3539 1803 3587 cursu

110 3642 149 3709 in
180 3650 328 3733 portum
360 3637 722 3734 Gebanitarum,
759 3646 822 3738 qui
856 3644 1060 3750 Ocila**)
1098 3664 1273 3747 vocetur,
1309 3655 1473 3750 deferri3
1507 3660 1635 3734 revehi
1656 3664 1701 3734 ab
1728 3664 1801 3761 illis

109 3790 228 3862 vitrea
254 3802 292 3860 et
316 3789 453 3882 ahena,
481 3805 623 3902 vestes,
655 3793 786 3867 fibulas
811 3799 922 3869 etiam
949 3825 1032 3871 cum
1062 3804 1216 3875 armillis
1252 3815 1290 3875 et
1314 3806 1438 3901 itaque
1463 3806 1685 3883 feminarum
1716 3839 1801 3886 ma-

108 3938 208 4006 xime
232 3937 304 4008 fide
329 3942 436 4011 istam
461 3944 745 4037 negotiationem
766 3960 1010 4022 constare·
1055 3953 1169 4044 Quod
1193 3956 1225 4023 si
1249 3955 1364 4026 solam
1389 3959 1546 4052 patriam
1567 3961 1754 4057 respicias,
1782 3992 1803 4036 a

107 4085 232 4156 Plinio
255 4088 315 4158 hic
342 4091 583 4167 cinnamomo
620 4096 856 4191 assignatam,
895 4100 1035 4197 clarum
1060 4115 1134 4193 est,
1176 4103 1461 4181 cinnamomum
1483 4109 1556 4181 hoa
1573 4109 1797 4206 Plinianum,
1858 4176 1860 4181 ,

108 4236 205 4327 quod
238 4259 286 4306 ex
319 4236 445 4310 Africa
470 4241 606 4317 derebi
636 4260 783 4340 narrat,
830 4248 892 4324 rel
925 4251 1039 4325 alium
1072 4252 1185 4325 fuisse
1219 4255 1582 4356 diversissimumque
1616 4286 1638 4333 a
1669 4237 1797 4337 nostro

108 4405 233 4456 aroma
259 4387 343 4477 vel,
378 4394 478 4485 quod
501 4395 616 4488 magis
639 4397 802 4489 arridet,
837 4398 1017 4471 Autorem
1048 4420 1256 4496 summum,
1284 4406 1519 4501 opinionum,
1559 4409 1605 4481 ab
1630 4433 1675 4482 eo
1701 4435 1798 4483 con-

111 4695 424 4714 m

174 4881 201 4958 “)
222 4870 435 4949 Histssund.
471 4889 587 4952 tx11.
616 4913 644 4954 ο.
677 4913 725 4975 ¹9·

158 5030 201 5109 ”)
225 5031 408 5098 »Ocilam
446 5039 680 5106 Gabonitarum
711 5053 841 5129 portum
874 5015 1302 5135 essesshingaluum,
1337 5055 1407 5122 aire
1439 5059 1612 5143 Caylam
1637 5061 1794 5142 insulam«

228 5147 316 5209 Clas.
343 5151 429 5236 Opp.
458 5154 499 5216 ll.
522 5178 554 5240 p.
584 5178 651 5241 ¹7¹·

1319 5303 1343 5371 2
