4470 6096
1923 435 1971 517 bi

271 679 477 775 plantaret
521 670 770 748 cultor-tii
806 660 1018 766 plantarum
1044 667 1310 759 collectiones,
1364 692 1387 741 a
1424 665 1605 744 Linneo
1645 668 1778 739 eodem
1803 660 1972 764 tempore

274 825 503 919 descriptas,
539 843 609 894 neo
641 842 720 893 non
752 829 791 893 et
814 817 1037 912 Rumphii
1069 817 1373 889 Thesaurum
1397 813 1615 910 -plantarum
1648 815 1904 891 emioeatarum
1931 815 1971 888 iu

273 996 382 1046 nsum
415 970 605 1046 roraverit
636 960 880 1039 Burmannus.
938 963 1012 1036 Sed
1047 965 1220 1058 ingruens
1260 962 1473 1035 Linneanus
1514 963 1592 1034 dies
1618 963 1743 1064 oeulos
1770 963 1973 1035 multorum

272 1131 360 1194 tune
392 1118 571 1213 temporis
610 1119 664 1188 ite
695 1102 989 1212 perstrinxerat}
1005 1116 1062 1222 {ut
1096 1123 1249 1208 egerent
1283 1114 1376 1185 duoe
1414 1113 1565 1206 eodem,
1602 1135 1712 1209 quem
1747 1114 1816 1208 ipsi
1848 1114 1972 1207 potius

274 1271 411 1342 ducere
436 1267 659 1342 debuissent.

373 1416 612 1487 Burmannus
644 1412 757 1508 elegit
792 1411 863 1484 sibi
898 1433 945 1482 ex
975 1411 1180 1482 Hermanni
1211 1406 1403 1483 Herbario
1436 1411 1527 1482 duas
1570 1411 1788 1506 praecipuas
1827 1408 1971 1483 cinna-

272 1565 387 1637 momi
420 1565 560 1657 speeies
594 1560 880 1650 describendas,
912 1594 962 1615 -
991 1559 1365 1630 ·Cinnamomum
1398 1582 1533 1655 nempe
1574 1557 1696 1630 »fona
1732 1557 1817 1631 latis
1854 1560 1972 1632 oratis
2078 1563 2087 1577 ’

273 1709 517 1807 frugiferum,
552 1712 655 1782 cuius
678 1710 826 1781 iconem
849 1704 1079 1800 praeclaram
1105 1704 1198 1776 Tab.
1227 1728 1285 1798 27.
1319 1704 1515 1797 exhibuit,
1552 1716 1591 1778 et
1615 1706 1972 1779 cinnamomum
2012 1664 2018 1674 ’

272 1872 508 1958 perpetuo
542 1859 746 1950 florens,
792 1855 911 1928 folio
937 1854 1165 1927 tenuiore
1196 1864 1357 1945 acuto,
1386 1854 1481 1925 'l'ab
1510 1857 1567 1926 28.
1595 1853 1770 1926 effictum.

372 2008 536 2079 Primam
562 2007 719 2101 speeiem
744 2004 846 2101 quod
862 2003 1017 2094 attinet,
1055 2025 1154 2078 vera
1174 2002 1266 2075 haee
1304 2014 1360 2074 est
1391 2014 1430 2074 et
1462 2004 1622 2098 genuina
1654 2001 1848 2075 Canella
1873 2003 1902 2072 Z
1910 2004 1972 2074 ei·

271 2159 433 2232 lanica
467 2158 587 2230 Herb.
614 2155 849 2259 Hermanni3
893 2155 1052 2250 plurima
1077 2154 1210 2244 etiam,
1256 2176 1350 2249 quae
1374 2153 1647 2262 *amcnbuntur
1671 2153 1794 2224 eidem
1821 2175 1842 2222 a
1868 2152 1973 2223 Bur-

271 2333 408 2383 mauno
434 2309 763 2404 synonyma„bene
788 2330 828 2380 se
852 2306 1003 2399 habent,
1023 2304 1089 2378 sed
1115 2303 1344 2379 excludenda
1368 2316 1454 2376 sunt
1480 2305 1617 2398 omnia,
1653 2326 1748 2399 quae
1771 2284 1973 2374 Melaba-

272 2458 395 2527 ricae
420 2457 524 2528 istius
549 2458 684 2551 speciei
707 2457 923 2529 meminere.
949 2456 1078 2545 Quare
1105 2450 1225 2529 Autor
1244 2469 1282 2528 et
1310 2458 1390 2552 ipse
1415 2456 1507 2528 haec
1531 2466 1676 2527 monet:
1716 2452 1845 2525 »huius
1868 2462 1970 2522 certe

271 2606 410 2678 multae
429 2606 626 2678 varietates
639 2607 686 2677 ‘in
705 2604 813 2677 Indis
838 2615 1051 2697 occurrunt,
1068 2607 1135 2696 ite,
1162 2615 1217 2694 ut,
1245 2605 1333 2675 lieet
1352 2603 1442 2674 haec
1467 2612 1595 2673 nostra
1615 2600 1667 2673 H.
1681 2599 1971 2673 Mebalarioi

271 2753 398 2837 (Tom
433 2775 464 2822 ι.
490 2779 526 2846 p.
548 2775 618 2822 110
646 2730 843 2848 Tab.57.)
875 2776 966 2825 non
994 2753 1310 2848 respondeat,
1347 2753 1496 2846 ipsum
1520 2764 1670 2823 tamen
1696 2754 1761 2823 sit
1786 2763 1835 2823 et
1859 2751 1970 2845 legi-

267 2901 429 2971 timum
458 2902 934 2974 cinnamomummr-
964 2903 1190 2995 Legitimum
1215 2912 1316 2973 carte
1340 2901 1491 2995 probes,
1517 2901 1604 2973 lieet
1628 2925 1704 2974 non
1728 2903 1855 2975 idem
1880 2901 1967 2992 hoo,

269 3047 370 3140 quod
396 3049 482 3118 satis
507 3046 607 3123 clare
633 3050 776 3141 pinxit,
805 3052 1097 3122 cinnamomum.

367 3191 498 3264 Paucis
523 3194 609 3265 hino
644 3194 763 3286 attigit
785 3191 887 3284 illus,
922 3217 1011 3287 quas
1046 3213 1159 3290 supra
1182 3196 1292 3269 latius
1316 3200 1565 3295 exposuimus,
1591 3197 1731 3273 formas
1758 3199 1968 3296 Zeylanen-
1996 3176 1999 3178 v

268 3341 364 3410 sium
394 3340 592 3435 arborum,
628 3342 707 3415 sive
742 3341 816 3411 sint
851 3341 1085 3415 Cinnamomi
1120 3346 1290 3420 diversae
1321 3353 1484 3444 species,
1522 3351 1610 3426 sira
1640 3352 1732 3422 aliae
1766 3347 1966 3422 nonnullae

189 3459 197 3474 ⁰
257 3511 399 3596 'errore
425 3492 487 3564 rel
510 3489 642 3562 fraude
668 3516 750 3565 oum
776 3513 866 3567 vero
893 3493 1141 3564 cinnamomo
1167 3505 1423 3569 commutatae.

367 3639 520 3711 Transit
544 3642 590 3712 ad
615 3665 753 3714 nonam
777 3641 936 3733 harum,
962 3645 987 3712 ‘a
1016 3666 1071 3736 a,
1110 3643 1466 3718 cinnamomum
1500 3655 1733 3740 perpetuo
1758 3644 1961 3738 florens,

266 3783 398 3857 folio
430 3791 647 3861 tenuiori
678 3803 841 3894 acuto,
881 3791 921 3860 in
954 3789 1048 3862 Tab.
1087 3795 1145 3864 28.
1179 3793 1428 3888 delineatum,
1467 3795 1607 3892 paullo·
1635 3768 1839 3869 aoouratius
1878 3808 1964 3869 tra-

265 3938 445 4008 ctandam.
496 3938 672 4032 Quisquis
696 3949 819 4012 antem
842 3937 1002 4038 iconem,
1027 3940 1068 4011 in
1092 3941 1162 4011 ista
1185 3943 1311 4015 tabula
1334 3947 1470 4039 pictam
1482 3996 1494 4037 ,
1530 3948 1703 4017 attentius
1729 3945 1964 4042 contempla·

265 4091 386 4186 verit,
415 4058 647 4163 cinnamomi
670 4091 868 4165 florentem
904 4091 1112 4185 periculam
1147 4102 1185 4162 et
1218 4113 1301 4162 eam
1327 4090 1477 4188 quidem
1502 4092 1761 4186 terminalem,
1791 4116 1813 4164 e
1839 4115 1958 4188 ramo,
2082 4142 2086 4151 -

263 4236 362 4309 foliis
394 4238 621 4349 aliquantum
634 4241 701 4353 'ab
734 4241 779 4313 iis
814 4243 894 4317 reri
920 4237 1152 4312 Cinnamomi
1185 4234 1473 4309 abhorrentibus
1504 4239 1697 4333 praedito,
1730 4250 1957 4331 nasoentem,

264 4399 471 4481 cognoscet,
497 4390 563 4460 sed
588 4387 775 4463 foliorum'
799 4389 908 4460 huius
935 4387 1069 4458 ramuli
1093 4384 1254 4458 formam
1281 4409 1360 4460 esse
1386 4389 1581 4480 eiusmodi,
1609 4411 1704 4483 quae
1731 4386 1792 4462 vel
1831 4389 1958 4463 Lauro

262 4533 334 4624 illi,
362 4559 472 4629 quam
499 4537 691 4610 Cassiae
715 4498 865 4610 nomine
881 4536 1110 4630 inscriptam,
1134 4532 1365 4628 aBlumio,
1388 4538 1471 4612 viro
1490 4535 1795 4632 praeclarissimo,
1813 4537 1958 4612 eleva

265 4676 389 4747 insula
411 4682 615 4775 accepimus
624 4681 679 4775 ἢ,
705 4681 769 4756 rel
794 4682 858 4754 alii
882 4680 1029 4754 auidam
1055 4706 1077 4754 e
1101 4681 1355 4759 Laurinorum
1378 4707 1515 4783 genere
1539 4685 1690 4783 speciei,
1717 4710 1802 4761 curn
1826 4685 1892 4761 ius
1918 4694 1957 4757 e't

263 4831 507 4905 cinnamomo
532 4856 623 4909 vero
648 4858 671 4904 a
693 4835 908 4909 Burmauuo
932 4843 1196 4927 commutatae,
1226 4835 1375 4907 tribuas

302 5121 329 5200 't
349 5121 519 5188 Laurus
539 5117 768 5188 Burmanni
793 5123 881 5204 nob,
903 5123 944 5188 da
965 5143 1031 5208 qua
1057 5125 1154 5210 plura
1180 5123 1277 5188 inira.
1350 5168 1356 5176 -
