4470 6096
1586 406 1591 417 Ι

746 426 752 437 Ι

912 525 916 532 ,

1182 538 1185 543 ·
1615 490 1655 567 ὓ.

276 690 279 696 ·
317 641 459 737 solem,
495 639 685 739 recipient
735 639 925 716 Arborum
958 640 1208 738 fruticumque
1245 642 1472 720 silvestrium
1504 649 1643 742 species
1674 651 1824 724 circiter
1863 656 1942 746 750
1970 657 2018 728 ad

156 880 159 887 ,
205 789 207 793 ’
315 800 416 872 huno
441 798 540 872 diem
566 799 708 875 inistis
732 797 866 873 finibus
890 801 994 871 horti
1025 802 1187 899 consitae
1221 810 1329 891 sunt,
1368 823 1538 907 quarum*
1553 802 1638 875 illae
1652 857 1664 896 ,
1701 830 1794 901 quae
1826 810 2015 883 orientem

318 981 446 1038 versus
484 971 682 1050 crescunt,
734 960 783 1029 ad
818 961 984 1054 Systema
1030 957 1352 1047 Linneanum,
1406 956 1475 1027 hae
1518 980 1641 1047 vero,
1695 984 1788 1054 quae
1813 963 2012 1035 meridiem

318 1128 505 1212 spectant,
544 1118 785 1190 naturalis·
813 1120 1014 1215 systematis
1045 1117 1134 1209 lege
1172 1126 1257 1186 sunt
1297 1115 1522 1187 distributae.
1572 1112 1680 1190 Iuvat
1723 1118 1785 1188 hic
1824 1121 2015 1194 addidisse

319 1274 469 1346 nomina
493 1275 746 1367 quarundam,
774 1296 893 1368 quae,
927 1274 1016 1344 licet
1039 1273 1178 1342 mitiori
1204 1272 1309 1343 coelo
1336 1285 1524 1366 assuetae,
1557 1284 1681 1348 tamen
1706 1288 1743 1347 et
1767 1289 1917 1383 nostrae
1943 1301 2013 1352 re-

317 1432 620 1524 gionis'hiemes,
657 1455 727 1526 per
756 1455 795 1502 se
829 1428 994 1525 ⁸quidem
1013 1452 1120 1524 quam
1155 1451 1225 1521 pro
1251 1429 1322 1499 situ
1348 1429 1420 1519 loci
1445 1432 1627 1524 leniores,
1665 1433 1859 1506 adiuvante
1895 1437 2012 1508 suam

319 1587 401 1659 solo
426 1588 590 1682 spissiori
615 1611 657 1657 ac
681 1587 893 1681 profundo,
938 1585 1074 1656 mirum
1106 1585 1145 1653 iu
1179 1585 1332 1656 modum
1358 1588 1505 1699 illaesae
1529 1590 1693 1662 tolerant
1706 1644 1718 1684 ,
1746 1605 1788 1662 ut
1814 1582 1972 1665 Iasmi
1989 1633 2011 1649 -

318 1769 424 1816 num
451 1743 651 1836 officinale,
680 1744 1103 1840 Philyreeeomnes,
1132 1742 1459 1838 Sideroxylon
1490 1745 1713 1830 (Bumeliu)
1747 1737 2009 1842 lycioides,

318 1905 498 1979 Laurus
524 1900 788 1994 Sassafras,
816 1887 1154 1997 Liquidambar
1179 1903 1488 1997 styraciflua,
1527 1902 1726 1976 Auouba
1751 1885 2006 2000 Iaponica,

279 2044 283 2066 ’
318 2064 468 2137 Vitex
506 2063 661 2155 Agnus
697 2072 879 2151 castus,
920 2061 1297 2152 Rhododendra,
1336 2061 1520 2133 Prunus
1551 2061 1904 2133 Laurocerasus
1932 2077 2008 2136 etc.

418 2218 524 2308 Quae
546 2218 740 2288 interiecta
766 2226 821 2285 est
846 2214 1028 2286 arboretis
1061 2217 1140 2308 agri
1164 2240 1248 2311 pers
1273 2220 1441 2312 iugerum
1468 2221 1653 2315 quinque,
1680 2178 1892 2326 applanata,
1919 2221 2013 2292 soli·

316 2376 384 2447 bus
412 2356 597 2468 exposita,
637 2377 677 2444 in
703 2395 806 2443 areas
832 2373 989 2490 maiores
1016 2397 1081 2444 sex
1106 2375 1250 2470 aequali
1274 2375 1355 2447 fere
1381 2376 1536 2448 circuitu
1562 2327 1765 2469 diuiditur,
1791 2370 2015 2449 accedit‘ex

206 2545 210 2552 ’
312 2542 471 2626 utroque
500 2528 616 2601 latere
649 2551 760 2619 area,
802 2529 915 2622 magis
948 2530 987 2601 in
1023 2527 1290 2622 longitudinem
1328 2544 1480 2645 extensa
1516 2556 1677 2629 arcuque
1717 2533 1848 2604 circuli
1882 2504 2013 2631 amplo

314 2690 371 2759 sui
396 2712 563 2785 quaeque
587 2688 712 2758 luteris
739 2687 914 2758 arboreto
939 2689 1181 2759 contermina.
1216 2714 1218 2718 ⁴

289 2915 291 2921 ,
413 2846 485 2916 His
511 2859 633 2916 autem
659 2847 781 2936 areis,
822 2846 860 2914 iu
888 2842 1330 2938 arcumoircumductis,
1370 2845 1570 2918 Plantae
1608 2845 2015 2939 monocotyledo-

313 3024 429 3073 neae
471 3003 522 3070 ita
555 3001 758 3092 adscriptae
794 3008 901 3087 sunt,
942 3005 984 3064 ut
1015 2994 1266 3063 ad’dextram
1302 2998 1401 3083 eius,
1439 3000 1504 3088 qui
1537 2997 1583 3066 ab
1609 3000 1761 3069 aedibus
1786 3001 1825 3069 in
1851 3001 2012 3075 hortum

315 3159 440 3229 oculos
467 3158 675 3244 convertit,
705 3125 791 3227 =sive
822 3153 862 3221 iu
887 3146 1120 3221 meridionali
1144 3157 1288 3235 tractu,
1330 3147 1609 3223 Graminum
1635 3157 1919 3247 personantium
1943 3154 2012 3228 sa·

281 3318 440 3402 milia,
484 3317 531 3385 ad
556 3315 743 3385 sinistram
777 3323 923 3398 autem,
970 3308 1156 3401 magisque
1188 3326 1316 3376 versus
1350 3306 1531 3378 orientem
1563 3307 1794 3404 spectantes,
1839 3313 2013 3408 reliquae

223 3478 225 3482 ‘
315 3473 423 3542 huius
449 3470 571 3542 classis
597 3468 745 3563 plantae
782 3486 987 3561 perennes,
1029 3487 1064 3535 v.
1091 3486 1122 3532 c.
1149 3462 1419 3559 Lilisoeae,
1450 3465 1653 3536 ‘Irideae
1689 3478 1782 3561 eto,
1820 3469 2011 3564 naturali,

218 3625 225 3639 '
316 3654 425 3724 quam
450 3631 600 3716 dicunt,
628 3625 805 3697 methodo
832 3624 1109 3695 distribuantur.
1201 3669 1206 3676 ,

416 3784 490 3906 pr
513 3785 602 3855 illae
628 3784 787 3855 maiores
814 3803 948 3871 areae,
975 3804 1042 3853 seu
1067 3780 1333 3873 sectiones,
1372 3803 1533 3877 quarum·
1553 3786 1916 3880 supra-,mentionem
1941 3787 2010 3860 fe·

315 3947 456 4036 cimus,
483 3941 643 4035 reliquas
668 3939 811 4033 plautas
835 3938 1013 4032 longioris
1039 3939 1161 4029 vitas,
1189 3941 1422 4035 hiememque
1446 3942 1713 4036 perdurantes,
1741 3966 1763 4016 e
1789 3945 2000 4041 Dicoty.

316 4103 624 4173 ledonearum
649 4096 788 4184 classe,
816 4093 1000 4185 recipiunt
1027 4114 1160 4186 easque
1185 4095 1233 4164 ad
1259 4096 1424 4188 regulam
1450 4101 1653 4193 quendam,
1680 4113 1857 4194 naturae,
1885 4103 2010 4196 quoad

260 4254 393 4395 ''eius
418 4256 497 4326 fieri
525 4255 668 4350 potuit,
697 4250 938 4371 applicatam,
965 4249 1035 4321 hac
1061 4251 1208 4324 ratione
1234 4252 1453 4351 dispositas,
1481 4268 1522 4328 ut
1546 4258 1696 4352 prima
1718 4258 1833 4328 sectio
1852 4258 1900 4327 ad
1920 4257 2010 4329 dex-

314 4429 412 4486 tram
437 4414 680 4521 Urhticeas,
719 4410 1087 4505 Plantagineas,
1122 4408 1509 4506 Plumbsginea-s,
1543 4410 1838 4502 Primuleas,
1876 4410 2006 4482 Per-

312 4584 523 4665 sonatas‚
569 4571 868 4664 Acantheas,
910 4533 1148 4663 Viticeas,
1186 4571 1433 4663 Labiatas,
1470 4568 1820 4681 Asper-ilmina,
1859 4569 2008 4642 Sola-

313 4754 457 4821 neas,
493 4729 881 4827 Convolvuleas,
919 4726 1284 4822 Polemouides,
1319 4704 2005 4825 Gentiano'dm'etdpocgneam

315 4885 353 4953 in
389 4885 461 4957 suis
497 4908 659 4984 quasque
699 4884 833 4959 areolis
844 4938 857 4981 ,
901 4907 1026 4963 aream
1046 4889 1237 4963 maiorem
1263 4900 1474 4968 transverse
1499 4887 1806 5035 *currentibus
1821 4928 1853 4980 ,ι
1871 4881 2010 4980 duplici
