4470 6096
1108 605 1489 690 Descriptio.

509 876 512 881 Ι
544 785 669 856 Arbor
694 787 843 858 ramulis
864 786 1093 882 patentibus,
1134 793 1271 862 cortice
1303 793 1469 886 egriseo
1499 774 1715 865 stsscescenti
1739 793 1858 867 tectis.
1908 766 2014 863 Folia
2039 794 2137 861 sub-

384 954 387 962 ·
442 911 627 1025 opposita,
663 934 767 1004 utin
794 908 982 1024 affinibus,
1020 958 1068 1007 ex
1093 936 1248 1031 oblonga
1274 949 1312 1009 et
1336 939 1512 1010 subacuta
1535 941 1612 1012 basi
1638 939 1678 1010 in
1703 961 1857 1008 acumen
1881 937 2031 1030 longum
2060 941 2137 1009 ob·

335 1083 337 1087 ’
445 1074 685 1145 tusiusculum
709 1077 909 1170 producta,
941 1081 1136 1171 trinervia,
1164 1085 1287 1157 nervis
1312 1085 1352 1156 in
1380 1088 1500 1158 medio
1526 1085 1608 1161 folii
1630 1087 1670 1158 in
1696 1107 1875 1159 uenarum
1892 1097 1971 1156 rete
1989 1087 2136 1176 solutis,

447 1225 692 1318 glaberrima,
718 1252 831 1322 supra
856 1230 990 1300 viridia
1021 1232 1147 1303 subtus
1173 1232 1451 1325 glaucescentia,
1479 1230 1568 1299 duas
1594 1230 1641 1300 ad
1666 1239 1742 1300 tres
1767 1229 1891 1298 uncias
1917 1227 2039 1321 longa,
2068 1252 2138 1299 un-

445 1376 544 1449 ciam
578 1380 700 1448 rarius
734 1381 1001 1474 sesquiunciam
1036 1383 1120 1452 lata.
1170 1383 1216 1452 In
1248 1402 1351 1451 ramo
1372 1352 1503 1448 ¹sterili
1538 1375 1628 1447 folia
1656 1386 1856 1447 occurrunt
1880 1386 2011 1465 ovata,
2047 1376 2138 1445 sub·

444 1535 564 1598 acuta.
599 1523 728 1595 Flores
741 1528 890 1619 copiosi,
912 1529 1359 1622 racemoso·paniculati;
1386 1521 1576 1620 paniculae
1594 1523 1779 1613 axillares,
1800 1521 2078 1597 extraaxillares
2095 1532 2137 1590 et

445 1671 679 1770 terminales,
712 1675 946 1767 paucitlorae.
997 1674 1201 1748 Pedunculi
1228 1673 1402 1770 graciles,
1438 1669 1576 1763 glabri,
1609 1668 1804 1741 inferiores
1829 1669 2134 1762 sesquiunciales,

440 1814 653 1906 superiores
688 1817 902 1908 breviores,
940 1819 1233 1909 subtrichotomi‚
1254 1789 1456 1914 'pedicellis
1492 1821 1582 1891 duas
1608 1821 1655 1890 ad
1689 1831 1846 1913 quatuor
1870 1816 1985 1886 lineas
2009 1804 2134 1909 longis

445 1962 749 2054 pubescentibus,
788 1967 930 2056 saepius
965 1966 1092 2040 ternis.
1156 1966 1308 2038 Corolla
1343 1969 1565 2060 sexpartita,
1604 1967 1744 2045 laciniis
1783 1964 2136 2039 ovali-lancaolatis
2175 2038 2179 2044 ,

442 2108 677 2176 acutiusculis
704 2119 808 2180 extus
833 2089 1001 2204 intusque
1026 2110 1362 2203 strigoso-pilosis.
1396 2087 1618 2184 'Filumenta
1643 2112 1780 2184 fertilia
1804 2120 1958 2202 notem,
1986 2113 2135 2185 corolla

446 2280 576 2348 porum
604 2257 799 2347 breviora,
830 2260 867 2328 in
894 2257 1009 2351 facie,
1037 2257 1261 2348 marginibus
1288 2272 1325 2328 et
1350 2260 1447 2332 linea
1473 2262 1608 2332 dorsali
1632 2261 1715 2355 pilis
1739 2260 1870 2332 albidis
1891 2259 2033 2350 ciliata3
2059 2271 2135 2329 ste·

445 2407 529 2476 riba
562 2423 715 2496 novem,
743 2409 896 2479 dimidio
920 2408 1107 2496 breviora,
1134 2371 1442 2501 glanduliformia,
1470 2408 1600 2482 eodem
1624 2406 1749 2498 modo,
1768 2429 1840 2504 quo
1856 2407 1895 2475 in
1919 2405 1964 2482 L.
1985 2405 2135 2477 Cinna-

327 2595 332 2598 -
445 2552 591 2653 memo,
619 2554 800 2645 disposita.
850 2550 1034 2625 Antherae
1061 2553 1373 2648 quadriloculares
1400 2564 1442 2622 ut
1464 2553 1503 2623 in
1529 2551 1834 2623 antecedentibus.

547 2730 668 2826 Stylus
711 2733 877 2824 stigmate
923 2755 1054 2826 magno
1088 2733 1226 2824 peltato
1270 2736 1484 2826 subtrigouo
1514 2733 1741 2803 terminatus.
1791 2728 1947 2802 Fructus
1979 2730 2152 2819 baccam·

446 2848 565 2951 refert
600 2877 884 2980 nigro-fuscam
926 2880 1174 2974 magnitudine
1212 2881 1281 2974 pisi
1329 2879 1502 2968 maioris,
1546 2877 1650 2949 calici
1688 2877 1898 2969 persistenti
1929 2872 2137 2972 (copulae)

374 3026 380 3035 '
445 3025 591 3096 ratione
620 3025 726 3103 breui
763 3025 950 3105 turbinato
996 3024 1238 3120 inaequaliter
1271 3027 1441 3115 dentato,
1473 3047 1494 3093 a
1529 3022 1653 3093 fructu
1689 3023 1779 3107 basi,
1800 3019 2002 3113 dehiscenti
2035 3021 2136 3089 insi-

446 3172 606 3247 dentem.
659 3171 818 3275 Nucleus
857 3173 960 3243 utin
986 3174 1251 3265 congeneribus
1276 3186 1495 3261 unctuosns‚
1532 3172 1683 3241 odorem
1707 3194 1879 3266 quergens
1903 3170 2137 3255 simillimum

447 3319 505 3408 ei,
543 3340 654 3412 quem
677 3321 716 3388 in
742 3320 861 3392 baccis
887 3319 1002 3390 Lauri
1020 3318 1153 3388 nobilis
1178 3320 1410 3413 percipimus.

546 3497 652 3591 Obs.
689 3501 836 3594 Species
849 3500 938 3570 haec
954 3470 1095 3594 primae
1111 3510 1258 3572 nostrae
1276 3500 1414 3598 speciei
1428 3496 1698 3592 quodammodo
1717 3495 1869 3584 accedit,
1895 3494 1962 3564 sed
1979 3494 2137 3567 ramulis

415 3648 675 3728 ·tenuioribus
689 3699 700 3739 ,
737 3646 836 3718 foliis
881 3649 1149 3740 angustioribus
1189 3646 1306 3757 multo
1345 3619 1459 3738 magis
1498 3639 1747 3731 acuminatis,
1776 3637 1952 3734 paniculis
1984 3640 2139 3731 saepius

445 3793 770 3887 supraaxillaribus
802 3795 1041 3902 paucilloris,
1077 3794 1202 3866 fructu
1239 3792 1399 3884 minori,
1437 3788 1570 3885 cupula
1602 3787 1814 3860 abbreviata
1852 3795 1890 3854 at
1921 3785 2037 3879 magis
2061 3784 2139 3857 de-

445 3944 608 4013 hiscente
633 3943 720 4013 satis
746 3941 880 4014 differt.

430 4159 439 4169 ·
544 4121 650 4196 Folia
674 4144 805 4214 sapore
831 4120 1076 4211 cinnamomi,
1103 4119 1176 4191 sed.
1192 4120 1326 4212 debiti,
1353 4120 1530 4216 gaudent,
1561 4129 1599 4190 et
1622 4127 1751 4188 cortex
1774 4135 1899 4184 recens
1925 4110 2139 4184 seeundum

447 4267 515 4337 cel.
547 4264 840 4341 Reinwardtium
867 4265 1030 4337 alaudem
1054 4277 1110 4337 est
1139 4268 1307 4362 saporis,
1345 4266 1409 4363 qui
1437 4287 1526 4340 vero
1552 4267 1591 4337 in
1615 4265 1872 4362 speciminibus
1896 4262 2001 4332 siccis
2027 4259 2139 4332 desi-

451 4417 612 4486 deretur.

644 4651 681 4726 5.
729 4666 951 4722 mustus
977 4646 1240 4742 Zeylauica.
1271 4678 1323 4696 -
1348 4641 1443 4713 Tab.
1473 4640 1520 4715 V.

546 4879 590 4951 L.
617 4879 715 4951 foliis
751 4878 914 4970 oblongis
941 4878 1114 4970 utrinque
1147 4873 1362 4945 acuminatis
1395 4870 1583 4942 triuerviis
1603 4869 1738 4939 'subtus
1763 4862 1921 4957 glaucis,
1963 4854 2142 4953 capitulis

390 5049 396 5056 ·
449 5026 740 5124 quinquelloris,
778 5024 949 5094 calicibus
970 4994 1181 5116 quadrifidis
1205 5018 1414 5092 hexandris.

1993 5144 2174 5241 &t
