4470 6096
1759 450 1809 526 37

121 687 274 747 strenua
305 672 450 767 penitus
481 673 627 745 demum
661 673 905 767 perlustrata,
955 671 1044 768 quin
1081 673 1277 744 maximum
1313 681 1458 765 partem
1493 672 1635 764 legibus
1670 676 1838 745 nostris.

122 826 305 913 subiecta,
332 789 594 894 Lusitanorum
620 823 889 918 Belgarumque
913 821 1224 913 navigationibus,
1251 832 1497 891 mercatorum
1524 818 1809 911 opulentissimis

122 969 525 1058 confoederationibus,
551 970 721 1041 virorum
746 971 976 1042 eruditorum
1003 962 1371 1063 peregrinationibus,
1398 980 1477 1040 tum
1503 990 1700 1061 procerum
1720 996 1808 1064 quo-

120 1118 304 1204 rundam,
340 1117 402 1210 qui
428 1115 525 1186 victo
553 1112 635 1184 orbi
659 1116 837 1225 novisque
861 1116 1013 1188 coloniis
1039 1127 1268 1209 praeessent,
1306 1115 1367 1185 vel
1392 1116 1543 1208 proprio
1569 1117 1717 1207 iugenio
1745 1117 1806 1188 vel

122 1263 368 1352 liberalitate,
396 1262 622 1333 medicorum
649 1261 818 1355 deinceps
847 1273 884 1333 et
908 1263 1185 1351 botanicorum‚
1220 1260 1343 1333 Amati
1368 1262 1556 1351 Lusitani,
1595 1261 1701 1332 Fabii
1726 1262 1808 1333 Co-

24 1479 31 1493 ,
122 1413 290 1501 lamnae,
327 1411 507 1501 Garoias,
542 1409 679 1500 Olusii,
717 1409 885 1501 Pisonis,
913 1411 1121 1482 Hermanni
1144 1412 1361 1504 pracsertim
1388 1410 1614 1506 Breym'ique
1639 1412 1808 1484 acumine

125 1572 278 1650 auctum,
302 1557 455 1651 politam
481 1568 519 1627 et
543 1557 742 1628 secundum
766 1579 893 1630 reram
918 1559 1123 1652 specierum
1142 1559 1299 1654 patriam
1315 1557 1529 1651 scrupulose
1547 1562 1807 1652 examinatum,

124 1732 195 1799 quo
229 1717 422 1798 tempore,
460 1706 558 1779 reris
592 1705 742 1774 tandem
773 1716 811 1775 et
848 1677 958 1777 certis
990 1731 1013 1776 a
1045 1693 1147 1778 falsis
1190 1717 1298 1801 atque
1339 1706 1488 1777 incertis
1531 1729 1674 1778 summa
1718 1694 1809 1778 cura

122 1853 399 1943 discriminatis,
427 1850 498 1921 alie
523 1852 584 1921 isti
608 1850 756 1920 aliunde
781 1849 848 1920 lux
871 1850 1015 1923 effulsit.
1052 1853 1222 1948 Namque
1247 1855 1338 1925 alius
1356 1855 1486 1927 debuit
1503 1877 1602 1945 esse,
1630 1855 1695 1950 qui
1711 1856 1810 1948 leges

122 2023 240 2073 novae
264 2002 435 2071 scientiae
461 2001 659 2089 scriberet,
687 1999 771 2091 alii,
799 2000 862 2094 qui
886 1975 1050 2072 humeris
1074 2000 1314 2071 fundamento
1349 2012 1470 2074 essent
1501 2000 1668 2071 aedificio
1696 2024 1811 2096 prae-

124 2148 234 2218 claro.
306 2149 432 2242 ltaque
466 2148 700 2238 Linneus‚
738 2170 820 2216 cunr
855 2147 986 2219 iisdem
1018 2147 1099 2217 fere
1133 2149 1257 2239 annis,
1296 2132 1369 2242 buo
1395 2149 1424 2217 1.
1450 2148 1747 2222 Burmannus
1772 2160 1811 2219 et

125 2293 357 2389 Breynius
382 2295 590 2384 florebant,
614 2289 787 2389 (1757),
815 2292 1143 2386 splendidissimam
1169 2292 1315 2363 Horti
1341 2292 1653 2377 Clitiortiani
1675 2292 1812 2366 ‘ederet

124 2444 431 2537 descriptionem,
459 2455 497 2513 et
522 2442 717 2512 Genera
740 2438 1032 2534 plantarum,
1059 2439 1281 2534 stupendum
1312 2440 1449 2532 ingenii
1476 2466 1566 2536 opus
1575 2491 1588 2534 ,
1625 2443 1665 2513 in
1689 2443 1809 2513 lucem

124 2592 331 2681 emitteret,
368 2589 656 2661 Cinnamorni
691 2588 866 2660 historiae
898 2587 1119 2682 generaliori
1153 2589 1291 2683 optime
1333 2588 1535 2679 consuluit,
1585 2589 1632 2659 ad
1670 2593 1807 2684 species
1891 2633 1901 2649 ·

121 2765 197 2812 non
228 2741 358 2812 eadem
391 2763 480 2810 cura
512 2740 670 2812 intendit
710 2739 885 2809 animum.
945 2738 1153 2809 Laurum
1192 2737 1232 2807 id
1264 2757 1399 2830 genere
1432 2758 1511 2807 esse
1543 2737 1665 2831 primo
1704 2738 1808 2811 floris

122 2901 270 2982 aspectu
305 2890 475 2981 cognorit
504 2889 564 2960 rir
588 2888 827 2958 acutissimus.
867 2887 973 2977 Quae
997 2898 1121 2958 autem
1146 2885 1292 2956 Laurus
1316 2855 1428 2957 arbor
1453 2886 1668 2981 appellanda
1684 2890 1744 2980 sit,
1768 2888 1807 2959 in

119 3037 332 3109 Generibus
357 3032 609 3129 plantarum*)
637 3035 695 3105 his
720 3024 844 3107 verbis
869 3032 1151 3108 demonstrarit:

221 3183 382 3254 »Clara
408 3181 476 3251 IX.
494 3179 811 3250 Enneandria.
838 3148 1133 3271 Monogynia.
1158 3177 1327 3251 Lausus
1360 3178 1538 3275 Tournefi
1567 3183 1639 3272 567
1667 3182 1804 3253 Cinna·

116 3354 282 3402 momum
308 3327 442 3397 Herm.
473 3324 527 3395 H.
552 3323 598 3393 1..
631 3322 672 3392 B.
700 3324 785 3398 656.
814 3284 940 3393 Burm.
966 3323 1066 3416 Zeyl.
1093 3328 1154 3421 28,
1180 3328 1387 3421 camphora
1412 3327 1618 3404 Gronov.
1644 3330 1804 3401 Disa-
1857 3383 1864 3395 .

168 3480 263 3548 Can.
288 3475 429 3546 nullus:
455 3473 525 3546 nisi
550 3469 725 3542 corollam
752 3470 887 3538 rectius
913 3469 1074 3563 calycem
1099 3471 1250 3543 diceres.

170 3624 267 3693 Coa.
292 3622 420 3694 Petale
442 3644 529 3712 sex,
558 3616 941 3706 ovato-acuminata,
967 3639 1140 3706 concava,
1168 3630 1305 3712 erecta,
1334 3622 1476 3691 alterna
1505 3611 1704 3692 exteriora.

166 3771 203 3841 N
213 3771 448 3841 octarium
487 3779 652 3840 constans
684 3766 883 3837 tuberculis
916 3770 1036 3840 tribus
1070 3767 1285 3839 acuminatis
1319 3766 1490 3839 coloratis
1527 3768 1568 3837 in
1593 3750 1682 3838 duas
1707 3778 1801 3840 setas

117 3918 366 3992 desinentibus
391 3936 542 4007 germen
567 3914 896 3985 circumstantibus.

165 4071 288 4141 Sran.
314 4062 581 4137 Filumenta
603 4086 758 4157 novem,
801 4062 942 4133 corolla
965 4060 1159 4153 breviora,
1187 4086 1398 4157 compressa
1412 4115 1423 4155 ,
1453 4065 1600 4155 obtusa,
1628 4078 1735 4139 terna
1760 4069 1800 4137 in

263 4212 405 4306 singulo
449 4213 589 4285 ordine.
647 4214 884 4288 Antherae
925 4210 1084 4306 margini
1116 4205 1388 4284 {ilementorum
1425 4235 1583 4308 superne
1625 4215 1797 4308 utrinque

265 4362 429 4432 adnatae.

162 4510 449 4604 Corpuscala
483 4510 557 4581 duo
591 4508 742 4602 globosa
754 4545 771 4598 ,·
792 4504 930 4599 petiolo
959 4504 1177 4581 brevissimo
1202 4506 1344 4602 singulo
1369 4506 1555 4584 filamento
1581 4510 1703 4583 intimi
1729 4534 1791 4591 or,-

111 4658 207 4730 dinis
230 4683 345 4754 prope
370 4658 476 4730 basin
495 4652 619 4728 affixa.

151 5079 180 5157 '¹)
208 5077 311 5160 Lugd.
332 5078 442 5143 batur.
467 5076 555 5160 1737.
588 5097 624 5162 p.
659 5094 724 5137 rso.
