4470 6096
1784 424 1833 496 65

238 658 343 731 Folia
370 657 540 750 oblonga,
567 620 788 744 acuminata,
815 651 1008 742 trinsrria,
1036 652 1158 725 nervis
1184 652 1252 724 sub
1278 655 1381 750 apice
1406 650 1719 741 evanescentibus,
1746 652 1832 723 hinc

100 901 108 914 ι
137 810 226 882 inde
251 807 419 879 verrucis
445 804 572 875 obsita.

239 952 283 1025 tn
309 951 487 1046 Zeylonia
511 950 645 1022 rarior.

239 1101 320 1173 Ναί
353 1099 535 1173 Curunda
565 1097 727 1188 Tauno,
763 1096 788 1165 l.
815 1122 845 1167 c.
881 1094 965 1169 Vol.
991 1096 1041 1168 ΙΙ,
1075 1125 1111 1194 p.
1140 1121 1244 1193 apo,
1278 1096 1394 1169 Lauri
1419 1087 1651 1170 cinnamomi
1676 1098 1833 1170 varietas

139 1254 299 1328 videtur.
325 1288 376 1304 -
439 1247 602 1343 Tompat
631 1248 812 1320 curanda
835 1271 901 1318 seu
927 1248 1212 1325 cinnamomum
1236 1246 1456 1318 trifoliatum
1482 1246 1645 1318 eiusdem
1671 1249 1833 1325 auctoris

42 1458 46 1463 .
141 1396 224 1468 solo
246 1396 399 1471 nomine
430 1393 491 1462 hic
524 1391 651 1463 afferri
676 1401 808 1487 potest.

239 1544 327 1615 Huc
349 1544 510 1637 pertinet
535 1543 645 1612 etiam
669 1539 795 1635 planta
819 1540 947 1631 dubia,
988 1514 1143 1612 conella
1168 1538 1217 1609 do
1248 1550 1350 1610 mato
1377 1539 1493 1629 dicta,
1533 1562 1598 1611 seu
1623 1538 1739 1610 arbor
1763 1539 1833 1609 sil-

139 1690 509 1793 vestrislauanensis
534 1686 633 1759 foliis
656 1689 779 1783 parvis
805 1689 1069 1779 rhomboideis,
1098 1690 1202 1760 cuius
1228 1690 1356 1760 cortici
1380 1709 1490 1784 sapor
1517 1686 1749 1760 Cinnamomi
1774 1687 1861 1757 de··

87 1918 94 1929 ¹
139 1838 225 1929 bilis
251 1838 482 1917 adscribitur.
534 1835 791 1934 Lintschotten
816 1835 896 1905 Iud.
923 1858 977 1949 or,
1003 1837 1046 1904 P.
1072 1836 1140 1908 lv.
1168 1838 1263 1911 Tab.
1290 1838 1419 1910 XVII.

227 1980 326 2048 Conl.
342 1982 455 2046 Arbor
476 1975 669 2044 canellifers
692 1977 871 2062 sylvestris
886 1980 1038 2062 japonica
1056 1985 1103 2056 (t)
1126 1978 1208 2044 folio
1223 1982 1372 2059 minimo
1389 1976 1517 2065 Breyn.
1537 1978 1656 2045 Prodr.
1677 1985 1707 2047 2.
1734 2001 1766 2062 p.
1782 1977 1835 2045 18.

309 2098 343 2153 et
356 2088 476 2152 Cassia
494 2092 732 2189 cirrnamomea
755 2084 933 2170 sylvestris
954 2085 1115 2153 lavauica
1136 2086 1364 2153 rhomboideo
1382 2082 1466 2153 folio
1486 2106 1609 2172 parv0,
1631 2085 1743 2151 tructu
1757 2084 1836 2150 ests

308 2194 422 2262 culato
444 2194 564 2260 Pluck.
593 2192 682 2260 Alm.
704 2216 735 2277 p.
753 2191 805 2264 89.
846 2193 1011 2277 Plrytogr.
1039 2195 1107 2257 tab.
1130 2196 1181 2265 19.
1207 2193 1265 2281 fig.
1283 2196 1313 2261 3.

227 2328 376 2408 (Forsan
395 2335 428 2391 et
447 2348 486 2393 ex
509 2327 573 2392 hac
598 2329 720 2392 arbore
745 2324 865 2392 Floras
891 2323 1031 2390 Cassiae
1055 2323 1196 2394 vestales
1215 2323 1454 2410 colliguntur.)
1574 2361 1579 2371 ·

915 2524 945 2620 s·
995 2531 1054 2603 20·
1229 2562 1232 2567 -
1490 2522 1495 2530 ’
1600 2566 1635 2627 .,

391 2712 395 2719 ’
466 2708 718 2797 Descriptio
746 2709 957 2773 corticum
986 2704 1249 2770 cinnamomi
1278 2684 1508 2769 venalium.

183 2944 186 2951 .
258 2988 262 2999 1
300 2910 330 2957 a.
367 2852 719 2961 cinnamomum
754 2888 1057 2980 Zeylo'ncnse.

245 3032 376 3105 Bacilli
409 3037 534 3109 varias
568 3036 817 3126 longitudinis,
848 3031 998 3126 pedales
1029 3042 1068 3101 et
1089 3025 1374 3121 sesquipedales,
1401 3026 1645 3117 teretiusculi,
1673 3028 1837 3099 crassitie

143 3179 268 3274 digiti,
305 3204 326 3249 a
358 3180 494 3279 tubulis
526 3181 694 3273 pluribus
721 3180 894 3267 corticis,
921 3179 991 3247 sibi
1016 3179 1175 3249 invicem
1200 3191 1302 3250 arcte
1327 3178 1619 3272 superimpositis
1643 3190 1682 3247 et
1706 3200 1841 3248 convo-

144 3324 248 3411 lutis,
274 3325 327 3394 ita
352 3286 542 3413 exstructi,
570 3335 611 3394 ut
637 3347 791 3396 vacuum
817 3324 960 3394 nullum
985 3327 1024 3395 in
1050 3327 1179 3397 centio
1206 3335 1402 3395 remaneat.
1442 3327 1525 3419 Ipse
1551 3336 1681 3396 cortex
1706 3327 1842 3398 crassi·
1886 3385 1890 3395 .

145 3476 196 3543 tie
228 3438 379 3545 chariss
414 3498 639 3568 papyraceus
663 3474 853 3564 firmioris,
881 3471 1030 3568 fragilis.
1084 3478 1201 3548 Color
1224 3477 1513 3566 cinnamomeus,
1541 3479 1626 3546 satis
1652 3489 1774 3565 notus,
1802 3480 1841 3548 in

144 3622 277 3713 pagina
302 3622 483 3692 exteriori
509 3621 662 3691 dilutior
687 3622 725 3689 in
750 3621 887 3694 flavum
914 3625 1044 3717 vergit,
1074 3627 1114 3696 in
1138 3628 1309 3698 interiori
1335 3628 1446 3719 magis
1472 3624 1653 3696 lascescit.
1694 3624 1734 3694 Si
1760 3646 1842 3694 acu·

145 3771 264 3840 ratius
289 3772 536 3865 inquiramus,
571 3772 767 3841 discrimen
793 3773 889 3862 inter
914 3783 1069 3841 stratum
1097 3772 1258 3843 exterius
1283 3764 1495 3865 (corticem)
1523 3778 1561 3841 et
1584 3770 1739 3840 interius
1771 3766 1841 3863 (li-

144 3914 281 4014 brum).
300 3920 422 3989 statim
453 3919 492 3987 in
525 3917 648 3989 oculos
682 3913 790 3990 cadit.
849 3917 1004 4011 Cortex,
1040 3918 1139 3989 lente
1171 3940 1303 4013 parum
1337 3930 1492 4011 augente
1516 3917 1768 4035 ,examinatae
1804 3921 1842 3987 in
1900 3991 1910 4001 ,

145 4040 341 4161 superficie
367 4081 521 4140 externa
545 4067 655 4138 fibras
681 4069 844 4138 ostendit
867 4067 1149 4160 longitudinalss
1165 4069 1251 4139 satis
1267 4071 1492 4161 conspicuas,
1515 4065 1650 4138 coloris
1667 4056 1844 4185 pallidio-

145 4216 199 4287 ria
225 4230 333 4312 atqtm
357 4240 379 4287 e
405 4217 572 4311 pluribus
597 4215 781 4289 fibrillulis
807 4221 1027 4299 tenuissimis
1054 4231 1284 4311 constantes,
1321 4242 1413 4314 quae
1438 4218 1524 4288 hinc
1550 4218 1637 4289 inde
1664 4242 1686 4286 a
1710 4241 1750 4288 se
1777 4217 1843 4287 in-

146 4367 267 4438 vicem
293 4365 500 4456 discedunt,
527 4387 647 4435 ramos
673 4368 844 4435 emittunt
870 4379 907 4436 et
933 4392 1079 4437 omnem
1107 4370 1281 4440 corticem
1306 4369 1386 4441 sine
1413 4369 1544 4439 ordine
1568 4384 1842 4461 percurrentes,

148 4538 238 4586 mox
262 4515 399 4586 iterum
426 4515 464 4585 in
488 4538 603 4585 unum
629 4514 861 4608 colliguntur.
913 4514 1129 4587 Fibrillulas
1155 4519 1259 4611 istae,
1288 4520 1356 4590 sub
1377 4518 1620 4610 microscopio
1642 4523 1844 4615 composito

146 4675 376 4754 conspectae,
405 4673 446 4732 ut
468 4662 586 4732 tubuli
614 4675 793 4756 apparent
818 4663 1011 4757 pellucidi,
1049 4668 1233 4758 continui,
1272 4668 1312 4736 in
1342 4668 1474 4761 quibus
1499 4668 1654 4759 granula
1681 4672 1845 4739 minutis-

55 4836 75 4867 ·
145 4808 239 4876 aima
258 4774 516 4900 observantur,
540 4835 654 4905 quare
673 4813 792 4883 tubuli
813 4814 874 4882 isti
889 4811 1000 4884 fibras
1017 4813 1226 4903 corticales,
1254 4814 1279 4881 i.
1296 4836 1327 4882 e.
1354 4812 1441 4883 libri
1469 4814 1678 4886 vetustioris
1703 4816 1849 4884 residua
1924 4846 1938 4869 ·

144 4951 294 5047 potius,
324 4980 431 5048 quam
460 4981 544 5027 vasa
569 4959 721 5051 propria
746 4984 824 5030 esse
850 4961 1042 5044 ridentur,
1080 4983 1101 5028 a
1127 4959 1258 5052 quibua
1284 4957 1532 5052 pelluciditate
1561 4973 1595 5029 et
1624 4960 1849 5052 longitudine

145 5099 339 5171 recedunt.
399 5100 516 5174 Liber
549 5104 675 5175 colore
710 5107 943 5200 obscuriore,
982 5107 1075 5178 socie
1102 5107 1253 5198 fibroaa,
1282 5130 1414 5201 sapore
1439 5121 1475 5177 et
1503 5109 1618 5180 odora
1644 5110 1848 5186 fortiores

777 5286 813 5361 «fg
1342 5263 1365 5332 9
