4470 6096
293 426 341 501 14

295 653 417 748 »apud
434 653 695 725 Dioscoridem
721 655 854 746 agitur,
888 655 1130 726 cinnamomo
1158 638 1351 747 cognatam*
1367 677 1446 723 esse
1474 630 1719 741 arbusculam,
1735 652 1989 746 eiusdemque

298 802 487 879 »ramulos
511 812 550 871 et
573 800 755 893 surculos,
784 803 818 873 si
842 825 923 881 cum
951 804 1032 896 ipso
1059 803 1209 891 cortice,
1238 802 1337 893 ligno
1364 800 1481 868 adhuc
1506 800 1735 887 inhaerente,
1763 797 1989 889 vendantur,

298 948 577 1044 »Xylocassiam
603 947 802 1042 appellari,
844 970 975 1021 rerum
1009 949 1040 1018 si
1072 961 1220 1025 exemto
1244 949 1354 1040 „ligno
1380 911 1534 1019 cortices
1559 958 1700 1016 tantum
1726 947 1989 1041 adportentur,

297 1100 510 1169 »Cassiae
536 1096 799 1189 Syringitis
825 1094 885 1203 vel
910 1095 1125 1190 Syringis
1149 1097 1299 1168 nomina
1325 1098 1465 1172 venire,
1516 1094 1648 1165 Talem
1675 1117 1755 1165 esse
1782 1095 1992 1167 Cassiam

299 1245 569 1334 »Fistulam,
606 1266 672 1314 scu
704 1241 931 1336 fistularem,
970 1256 1164 1339 veterum,
1210 1267 1291 1316 eam
1317 1256 1440 1315 autem
1465 1254 1570 1315 caute
1595 1244 1886 1336 distinguendam
1910 1267 1996 1316 esse

297 1394 470 1465 acassia
495 1392 637 1463 Fistula
661 1391 892 1484 Arabum,
939 1415 1004 1462 seu
1029 1395 1168 1484 nigra
1194 1392 1359 1463 cassia
1382 1390 1698 1482 Graecorum,
1728 1413 1821 1486 quae
1845 1389 1998 1462 fructus

295 1562 473 1636 procerae
498 1541 546 1611 sit
573 1541 739 1631 arboris,
764 1541 804 1611 in
830 1541 937 1611 India
960 1541 1140 1611 nascentis
1155 1565 1165 1631 3
1216 1540 1260 1609 5ο
1286 1540 1443 1634 denique
1469 1561 1594 1614 veram
1621 1541 1823 1612 Cassiam
1855 1539 1999 1610 fistu-

294 1687 444 1759 larem
471 1697 508 1757 et
533 1687 740 1779 ligneam
764 1688 889 1757 multis
914 1686 1071 1756 sacculis
1097 1687 1136 1757 in
1163 1685 1316 1779 Europa
1341 1686 1455 1760 visam
1483 1709 1558 1757 non
1584 1710 1683 1777 esse,
1712 1688 1779 1757 sed
1803 1687 1881 1757 eius
1906 1685 1998 1758 loco

297 1835 407 1908 randi
433 1836 664 1907 corticem
691 1835 868 1915 radicis
893 1835 1147 1906 cuiusdam
1163 1887 1174 1924 ,
1202 1845 1310 1926 gustu
1334 1845 1483 1914 tenuem
1509 1847 1618 1929 atque
1643 1837 1830 1925 acerbum,
1861 1858 1996 1929 quam,

295 1983 488 2054 erroribus
513 1984 586 2054 suis
611 1986 849 2079 pertinaciter
874 1984 1131 2073 inhaerentes,
1166 1984 1276 2055 etiam
1310 1983 1411 2054 illata
1436 2005 1563 2054 rursus
1588 2005 1676 2059 vera
1701 1985 1840 2071 cassia,
1869 1981 1999 2052 Phar-

292 2128 502 2222 macopolas
538 2131 578 2200 in
608 2154 679 2201 usu
700 2131 899 2225 rotinere,
948 2131 1031 2200 iure
1057 2134 1308 2228 conqueritur.
1333 2169 1385 2197 —-
1434 2131 1540 2202 conf.
1576 2131 1686 2201 etiam
1721 2133 1767 2202 da
1791 2131 1849 2200 his
1885 2128 1997 2204 clus.

294 2274 423 2391 Arorp.
449 2276 535 2350 Lib.
562 2276 592 2354 1.
619 2301 654 2371 p.
686 2278 770 2372 169.

1096 2499 1247 2609 §a

394 2697 496 2768 Male
523 2676 645 2767 autem
672 2696 910 2769 diiudicantes
937 2722 992 2791 ea,
1014 2724 1107 2794 quae
1132 2725 1154 2768 a
1179 2701 1364 2773 veteribus
1391 2701 1437 2768 de
1465 2698 1767 2769 cinnamomo
1782 2697 1999 2769 etCassia

293 2847 430 2940 scripta
453 2848 689 2934 invenerunt,
718 2837 797 2914 ram
824 2869 971 2915 omnem
998 2860 1140 2918 temere
1166 2861 1202 2918 et
1228 2847 1383 2918 ridicule
1408 2847 1656 2940 permiscuere
1673 2844 1813 2917 Arabes
1830 2845 1993 2938 Medici,

206 3026 221 3038 ·
292 2995 395 3065 cuins
430 2996 663 3090 praeclarum
689 2995 901 3087 exemplum
933 2995 1045 3065 habes
1076 2997 1115 3066 in
1148 2995 1343 3068 Antonii
1380 2995 1555 3066 Medici
1586 3017 1698 3089 supra
1722 2997 1840 3067 citatis
1865 2996 1993 3066 com·

292 3145 482 3215 mentariis
505 3145 545 3213 in
569 3140 842 3213 Antidotarium
874 3142 1071 3212 Ioannis
1102 3143 1217 3211 Filii
1242 3139 1461 3236 Mesua*).
1480 3117 1530 3207 -ἐ
1564 3143 1704 3215 Probat
1727 3144 1792 3214 ille
1817 3144 1990 3239 quidem,

293 3287 516 3380 Darseni‚
542 3311 624 3358 seu
650 3287 870 3377 Darsini,
897 3288 938 3356 in
950 3287 1115 3359 Arabum
1140 3287 1264 3380 lingua
1288 3289 1386 3359 idem
1412 3289 1562 3386 valere,
1585 3292 1684 3387 quod
1703 3293 1994 3365 cinnamomum

287 3461 357 3509 seu
390 3438 674 3530 cinamomum,
719 3449 918 3532 utrumque
951 3447 1097 3523 autem,
1139 3435 1356 3531 simpliciter
1395 3439 1573 3532 scriptum
1597 3439 1660 3513 vel
1684 3439 1809 3512 addito
1836 3463 1993 3536 quoque

293 3589 511 3681 cognomine
535 3586 853 3661 masoliticum
877 3585 939 3661 vel
963 3584 1306 3657 mausolitioum
1331 3582 1381 3682 (i.
1400 3586 1753 3686 amosylliticum),
1779 3587 1990 3682 significare

264 3735 645 3807 cinnamomum
690 3734 848 3806 elaotum
888 3745 926 3805 et
958 3735 1136 3831 optimum
1150 3759 1162 3828 3
1206 3735 1253 3806 ab
1283 3736 1354 3807 isto
1393 3758 1485 3811 vero
1518 3737 1689 3831 distingui
1716 3739 1990 3811 cinnamum

293 3906 359 3956 seu
394 3885 641 3957 Cinamum
654 3936 665 3976 ,
700 3885 800 3981 quod
825 3881 968 3959 Arabes
998 3882 1157 3957 Keria
1189 3896 1341 3974 vocant,
1383 3908 1451 3956 ceu
1485 3886 1712 3960 deteriorem
1748 3887 1989 3961 Cinnamomi

293 4031 466 4128 speciem,
487 4042 529 4103 ut
552 4034 665 4105 scribi
689 4035 821 4128 possit:
846 4021 1051 4104 Darsani
1078 4034 1365 4125 cinnamum,
1392 4058 1458 4106 seu
1483 4037 1690 4108 Darseni
1713 4037 1774 4110 rel
1799 4039 1988 4109 cinna-

282 4153 489 4252 momum
515 4178 676 4271 Karia,
702 4181 727 4249 i.
748 4203 781 4249 e.
809 4178 1095 4250 Cinnamomum
1118 4179 1240 4253 vilius.
1292 4173 1504 4256 Cavendum
1529 4198 1668 4278 nmen,
1688 4211 1737 4261 ne
1763 4187 1989 4265 Cinnamum

294 4327 541 4402 confundatur
576 4354 661 4403 cum
698 4329 881 4422 cymino,
923 4328 981 4404 vel
1015 4327 1125 4399 etiam
1163 4328 1323 4402 Daraeni
1360 4356 1443 4406 cum
1473 4335 1792 4427 Darsisaban,
1834 4338 1899 4429 qui
1936 4338 1988 4407 sit

295 4474 659 4571 Aspalathus.--
692 4477 792 4551 Tum
819 4499 931 4567 vero,
967 4489 1050 4573 post
1075 4478 1192 4550 multa
1216 4479 1264 4552 de
1288 4488 1457 4563 re'terum
1482 4496 1563 4565 tam
1585 4485 1818 4563 Graecorum
1838 4483 1987 4555 Roma-

292 4648 639 4722 norumqus,quam
657 4629 823 4722 ipsorum
848 4625 1014 4719 Arabum
1034 4626 1197 4699 verbis
1224 4627 1421 4724 disputata,
1437 4635 1658 4726 comparatis
1683 4620 1982 4722 notis'omnibum

222 4869 229 4881 ·
294 4775 539 4846 Cinnamomo
577 4775 624 4844 ab
659 4771 732 4842 illis
756 4772 927 4864 tributis,
966 4797 1051 4846 cum
1089 4797 1157 4869 eo,
1210 4781 1309 4873 quod
1342 4792 1430 4851 tunc
1466 4784 1645 4879 temporis
1681 4782 1988 4860 cinnamomi

290 4973 629 5007 'm

334 5097 361 5178 ¹)
382 5093 466 5160 Dist.
490 5096 513 5157 1.
536 5118 563 5160 c.
586 5097 635 5159 23.
656 5117 689 5186 p.
710 5094 762 5161 38.
779 5094 835 5166 ed.
859 5093 950 5175 1545-
