4470 6096
382 364 406 478 ’,
433 381 525 496 ε4ζ

309 629 311 632 ’
384 587 396 602 ⁵
433 599 671 723 Amalthea&
709 638 927 701 recensetur
965 628 1177 725 adiectaque
1213 619 1331 721 figura
1362 631 1450 701 satis
1492 630 1709 707 illustratur.
1763 637 1889 708 Patria
1920 640 1956 708 ei
1980 639 2134 714 Chius

432 777 681 869 adscribitur,
709 789 790 851 tum
815 800 963 888 quoque
988 802 1036 851 ex
1061 777 1360 852 antecedentibus
1391 777 1537 870 qulan
1564 780 1688 851 insula
1712 783 1879 872 addenda
1905 787 2061 858 videtur.
2077 793 2134 847 -'-·
2161 828 2171 841 ·

406 925 511 1019 *Ista
536 948 627 999 vero
654 925 763 999 huius
788 928 937 1022 generis
959 947 1035 998 non
1060 938 1135 1016 est,
1171 926 1237 997 sed
1262 925 1430 1013 diversi„

532 1072 715 1167 Altera,
743 1098 810 1146 seu
833 1075 937 1147 Nilo
960 1074 1127 1148 Dawulo
1143 1074 1320 1146 Pluoken.
1339 1070 1437 1165 Alm.
1458 1084 1497 1145 et
1519 1072 1616 1145 forte
1634 1075 1743 1146 etism
1768 1073 1962 1174 Mant.¹*),
1986 1078 2137 1155 Lauri

433 1219 513 1297 vel
537 1218 718 1315 Myrrhae
750 1221 891 1292 odore
917 1221 1039 1315 diota,
1075 1222 1306 1301 Cinnamomi
1330 1222 1475 1314 generis
1501 1233 1557 1294 est
1580 1223 1720 1318 species
1747 1224 2072 1318 Ceylenenais.

534 1372 657 1462 Quam
683 1382 900 1466 utramque,
929 1397 1014 1445 cum
1038 1372 1254 1447 herbarium
1282 1371 1553 1458 Hermanni
1578 1347 1712 1443 siccum
1742 1373 1954 1466 evolveret,
1988 1375 2136 1468 reperit

428 1517 584 1611 quidem
617 1518 672 1589 Cl.
705 1525 1016 1617 Burmannus,
1040 1523 1106 1592 sed
1132 1521 1312 1593 foliorum
1337 1522 1508 1615 deceptus
1534 1481 1796 1615 similitudine,
1825 1492 1944 1617 neque
1966 1522 2137 1595 floribus
2185 1502 2190 1510 ²

434 1667 520 1736 satis
561 1668 805 1762 investigetis,
850 1633 971 1743 solam·
1011 1671 1228 1764 pingendum
1293 1670 1437 1743 curavit
1478 1670 1834 1762 posteriorem,
1885 1670 1947 1740 cui
1982 1663 2139 1748 Lauri

349 1863 362 1897 .-
435 1813 697 1885 Burmanni
741 1837 877 1887 nomen
919 1837 1047 1926 sumus
1078 1817 1313 1911 imposituri:
1354 1776 1421 1888 sed
1478 1814 1620 1890 addidit
1670 1837 1866 1912 perperam
1908 1827 1947 1888 et
1980 1817 2139 1910 alterius,

436 1963 571 2057 speciei
594 1964 706 2035 citata
733 1967 884 2036 nomina
907 1987 993 2036 oum
1017 1961 1293 2059 definitionibus
1317 1973 1535 2058 auctorum,
1561 1967 1799 2063 peccavitque
1830 1966 2017 2058 maxime,
2045 1975 2137 2044 oum

435 2120 577 2182 tantum
601 2113 804 2185 verborum
829 2114 1034 2188 dissensum
1058 2113 1314 2209 vilipenderet.
1447 2182 1453 2197 ,
2092 2086 2100 2092 ’

537 2255 661 2327 Huius
693 2271 816 2331 antem
852 2260 909 2332 rei
939 2261 1144 2333 certissima
1168 2271 1387 2353 argumenta
1403 2261 1587 2341 ,habemus
1613 2263 1710 2336 inter
1734 2261 1877 2357 plantas
1903 2262 2140 2357 complures,

371 2404 375 2411 ’
438 2431 526 2503 quas
552 2409 683 2480 beatus
706 2407 1037 2505 Brugmansius
1063 2411 1159 2490 ,olisu
1197 2408 1457 2485 humanissime
1484 2410 1787 2500 communicarit,
1826 2408 1991 2480 ramulos
2032 2429 2139 2478 non-s

437 2557 581 2629 nullos*
612 2562 814 2633 exsiccatos
862 2537 943 2633 tum
994 2564 1094 2638 veri·
1125 2555 1416 2640 Cinnamomi
1463 2556 1728 2651 Zeylanici‚
1766 2577 1851 2653 cum
1884 2556 1992 2625 icone
2031 2553 2141 2624 Bur-

437 2707 634 2777 manniana
647 2670 746 2802 W)
774 2712 993 2783 examussim
1018 2712 1283 2804 congruentis,
1313 2719 1396 2778 tum
1432 2705 1551 2777 alius
1582 2729 1603 2776 e
1637 2704 1830 2776 Linneano
1855 2726 1991 2796 genere
2016 2697 2150 2775 Lauri·

436 2855 608 2949 plantae,
656 2878 772 2962 quae,
820 2838 1040 2928 Litsaeae
1081 2879 1181 2931 novo
1216 2854 1371 2929 Iussievi
1405 2844 1548 2947 'generi
1585 2851 1831 2944 accensenda,
1850 2864 1853 2868 ·
1872 2874 1896 2919 a
1937 2850 2142 2922 Litsaea

436 3001 682 3076 trinervia
705 3001 919 3076 Lamarcl'tii
941 3025 1008 3075 scu
1031 3002 1182 3076 Litsaea
1198 3001 1357 3096 Myrrha
1379 2997 1542 3096 Iuss.†),
1569 3000 1630 3070 cui
1654 2997 1782 3068 similis
1807 3005 1885 3084 est,
1912 2995 2034 3090 patrio
2054 2994 2144 3071 solo

318 3146 321 3152 ’
438 3152 593 3245 aliisque
618 3154 716 3223 notis
741 3153 892 3224 recedit.
940 3151 1009 3223 Isti
1031 3152 1316 3227 veroLitsaeae
1347 3150 1550 3218 trinerviae
1585 3146 1693 3216 Lam.
1722 3166 1952 3238 synonymon
1985 3142 2144 3217 additur
2181 3192 2189 3199 -

124 3255 128 3262 Ι
242 3268 244 3272 ’
330 3379 333 3384 ,
441 3299 568 3400 Cassia
582 3300 848 3372 cinnanomea
870 3299 949 3391 illa,
970 3298 1153 3402 ¹Myrrhae
1175 3297 1305 3387 odore,
1332 3291 1458 3366 Pluck
1473 3292 1571 3366 Alm.
1596 3294 1620 3362 l.
1649 3319 1694 3385 c.,
1723 3291 1777 3391 (et
1800 3296 1840 3365 id
1863 3296 1946 3366 iure
1970 3290 2146 3393 quidem)

440 3469 515 3516 una
541 3469 625 3517 oum
650 3445 818 3538 pluribus
843 3446 938 3536 aliis,
965 3468 1059 3541 quae
1085 3443 1378 3536 adZeylanicam
1402 3448 1565 3510 nostram
1590 3451 1766 3532 spectant.

541 3594 710 3699 Utraque
735 3593 826 3664 haec
851 3593 990 3688 species
1013 3614 1077 3663 ex
1112 3589 1290 3663 herbario
1307 3587 1488 3665 desumto
1514 3597 1569 3657 est
1593 3585 1794 3678 Royeni,
1830 3587 1952 3679 quod,
1987 3586 2036 3656 ab
2062 3587 2145 3657 ime

442 3743 593 3815 mortali
617 3744 764 3814 Linneo
790 3742 878 3812 olim
903 3742 1189 3834 perlustratum,
1222 3736 1334 3812 variis
1379 3735 1543 3806 eiusdem
1579 3735 1795 3805 auctoritate
1840 3734 2149 3808 adnotationibus

445 3896 657 3995 ornabatur.
708 3893 760 3964 Et
797 3884 1097 3971 cinnamomo
1136 3889 1285 3984 quidem
1323 3884 1584 3979 Zeylanico
1617 3904 1752 3954 nomen
1782 3884 2000 3979 inscriptum
2037 3896 2144 3956 erat:

443 4043 633 4113 Laurus
681 4042 1026 4111 cinnamomum
1079 4019 1213 4128 Lim,
1267 4034 1487 4105 Litsaeae
1529 4041 1655 4102 antem
1688 4031 1769 4123 isti,
1810 4053 1919 4127 quam
1955 4030 2146 4111 diximust

444 4188 623 4259 Laurus
653 4186 980 4258 verticillatus
1014 4183 1086 4276 V.;
1122 4182 1296 4255 videlicet
1319 4163 1390 4252 hac
1415 4191 1503 4250 nota
1527 4181 1732 4275 indicatur,
1761 4179 2008 4313 Canellapp
2033 4180 2145 4253 illa'm

402 4427 409 4440 ·
444 4335 653 4404 habendam
678 4355 757 4402 esse
780 4331 1001 4403 flosculis
1028 4327 1342 4435 verticillatis
1368 4326 1464 4402 Mus.
1495 4327 1596 4423 Zeyl.

450 4670 456 4683 ·
509 4653 536 4730 *)
558 4653 580 4713 1.
603 4672 631 4712 c.

495 4802 539 4879 “)
560 4799 645 4861 alm.
669 4821 702 4884 p.
725 4800 775 4883 89.
803 4800 905 4861 Mnnt.
930 4819 963 4883 p.
985 4800 1036 4877 4⁰·

478 4950 536 5027 m,
559 4949 655 5011 Thes.
684 4917 773 5031 Zeyl.
788 4957 811 5011 t.
828 4969 878 5030 27.
1004 4999 1013 5013 .,

503 5103 538 5178 ἦ)
558 5097 640 5158 Ana.
663 5096 708 5158 du
728 5097 813 5160 Mus.
836 5095 957 5159 d'IIist.
979 5108 1043 5159 nat.
1065 5096 1141 5164 Vol.
1162 5096 1218 5163 Vl.
1243 5121 1275 5183 p.
1300 5096 1361 5163 205
1381 5105 1413 5160 et
1437 5118 1468 5180 p.
1492 5083 1580 5156 αις(
