4470 6096
1933 437 1964 504 V

268 638 478 751 procuirit,
518 654 582 724 aed
607 653 711 725 varia
736 661 795 729 eat
814 650 1005 720 altitudine
1031 662 1069 720 et
1092 651 1212 740 intua,
1255 672 1360 722 more
1386 650 1521 739 solito,
1562 652 1600 719 in
1625 649 1734 743 plura
1757 654 1874 744 apetie
1898 653 1962 720 di·-

267 823 396 890 visum.
418 857 461 872 -
496 817 813 925 Frigidarium
849 816 1010 884 medium
1047 824 1198 905 occupat
1228 813 1377 906 locum,
1423 813 1614 883 altitudine
1651 815 1694 882 18
1719 813 1876 905 pedum,
1912 816 1959 884 80

267 946 506 1073 longitudine
559 981 693 1073 Tangit
729 979 960 1072 frigidarium
998 1003 1021 1048 a
1048 981 1176 1050 dextra
1203 980 1396 1068 intrantia,
1432 1002 1497 1049 aeu
1523 979 1703 1049 orientem
1731 1002 1878 1068 versus,
1905 1004 1960 1053 ‚ea

267 1169 352 1238 pars
382 1144 632 1233 hibernaculi,
675 1166 767 1238 quae
802 1142 1122 1235 Tepidarium
1155 1144 1332 1236 appellari
1359 1143 1477 1232 solet,
1515 1142 1657 1235 plantas
1691 1144 1955 1236 Capenses,

268 1308 600 1400 Australeaque
624 1308 839 1400 praesertim
865 1305 1018 1396 fovens,
1057 1306 1102 1374 ad
1125 1306 1385 1376 occidentalem
1407 1305 1548 1398 plagam
1575 1306 1850 1389 Caldariu'm
1876 1328 1962 1375 con·

267 1474 339 1544 fine
378 1485 450 1562 rat,
487 1484 681 1564 utrumque
712 1470 826 1562 pedes
863 1472 905 1538 16
942 1469 1055 1539 altum
1088 1482 1125 1538 et
1150 1470 1198 1537 60
1224 1468 1383 1561 longum.
1434 1471 1492 1543 Ad
1519 1482 1685 1539 extrema
1712 1471 1829 1540 omnia
1855 1471 1961 1539 aedi-

265 1635 362 1725 ficii,
395 1636 535 1704 eteius
570 1633 684 1708 veluti
720 1632 821 1721 alae,
859 1632 982 1701 addita
1006 1634 1375 1710 auntsshumiliora
1406 1634 1549 1727 singula
1576 1635 1814 1724 caldaria,
1858 1632 1960 1704 fene·

265 1800 365 1889 atris,
392 1800 525 1892 angulo
551 1798 680 1869 maiori
705 1799 856 1893 propius
880 1797 1022 1890 plantae
1050 1800 1315 1891 accedentibus,
1346 1801 1392 1872 ad
1416 1802 1532 1873 aolem
1554 1799 1772 1871 efficaciora.

362 2030 420 2102 'ad
444 2029 730 2101 calefaciendum
761 2031 911 2100 hiemali
935 2042 1102 2125 tempore
1128 2034 1330 2107 inserviunt
1356 2033 1519 2119 canales,
1568 2056 1587 2100 e
1614 2032 1733 2124 lapide
1761 1985 1867 2100 cocto
1890 2031 1986 2100 aub'

264 2197 475 2288 pavimento
510 2199 685 2267 exstructi
718 2207 754 2269 et
787 2195 918 2267 ferreia
943 2201 1030 2268 tecti
1056 2200 1222 2291 laminis,
1263 2223 1357 2293 quae
1383 2220 1451 2293 per
1478 2198 1675 2269 intervalla
1700 2197 1823 2288 pervia
1848 2193 1959 2273 fene·
2004 2202 2016 2255 ·.

264 2359 350 2426 stris
387 2370 581 2450 pertusae,
621 2384 689 2452 ope
714 2360 1005 2450 bracteolarum,
1045 2362 1117 2432 huc
1147 2376 1259 2459 atque
1294 2364 1383 2433 illuc
1418 2361 1704 2447 movendarum,
1746 2359 1872 2429 adrem
1897 2368 1959 2427 te-

263 2520 411 2613 pidum,
446 2545 514 2616 per
539 2474 723 2617 duplicem
749 2523 898 2595 ductum
923 2526 1066 2596 canales
1091 2529 1285 2601 candentes
1303 2530 1476 2624 utrinque
1495 2522 1862 2628 circumfundentern,
1891 2519 1951 2593 vel

263 2686 462 2758 admittunt
488 2687 550 2761 vel
575 2690 779 2761 recludunt.

362 2887 491 2959 Altera
516 2889 635 2959 adhuc
661 2901 716 2959 eat
740 2891 846 2962 nobie
873 2846 1081 2978 aedicula,
1100 2891 1147 2961 ad
1171 2892 1329 2983 tropicae
1353 2890 1493 2984 plantae
1519 2887 1667 2956 alendas
1692 2884 1851 2955 maxime
1875 2882 1957 2952 ido·

264 3070 356 3136 nea,
395 3050 460 3116 sed
494 3072 537 3117 ea
566 3061 689 3117 tamen
713 3072 798 3140 para
823 3053 936 3138 magia
972 3061 1010 3117 et
1034 3047 1152 3118 altera
1176 3036 1233 3118 ala
1259 3000 1411 3118 dicenda
1435 3050 1617 3119 maiorum
1642 3048 1812 3136 aedium,
1854 3056 1954 3115 tem·

264 3231 356 3304 pore
392 3208 554 3299 favente,
583 3221 620 3280 et
644 3207 742 3281 sorte
768 3208 988 3304 quandoque
1014 3219 1200 3303 poscente,
1228 3211 1545 3302 exstruendarum.
1596 3209 1760 3281 Parrum
1786 3208 1881 3298 hoc,
1908 3207 1955 3277 da

263 3394 335 3466 quo
362 3373 435 3440 iam
460 3373 621 3463 agimus,
644 3370 875 3459 caldarium,
912 3371 1140 3464 longitudine
1165 3372 1300 3465 pedum
1328 3375 1396 3462 80,
1432 3373 1622 3444 latitudine
1649 3375 1692 3462 8,
1728 3395 1794 3441 aex
1818 3371 1955 3465 pedum

264 3531 477 3618 altitudine,
520 3558 589 3627 ope
615 3556 815 3626 vaporum,
853 3535 1034 3604 ecacabo
1058 3536 1106 3604 ab
1130 3535 1206 3604 imo
1239 3538 1448 3628 pavimento
1472 3557 1540 3629 per
1563 3547 1705 3605 terram
1731 3534 1967 3605 corticamve

263 3698 503 3767 coriariorum
535 3718 649 3793 parva
681 3697 860 3792 quaedam
893 3658 1107 3791 vaporatio,
1141 3699 1178 3767 in
1209 3698 1280 3770 isto
1312 3698 1474 3768 caldario
1508 3698 1673 3786 condite,
1716 3696 1948 3785 intrantium,

263 3859 417 3930 mirifice
448 3862 523 3953 agit
566 3862 606 3929 in
630 3860 786 3953 plantas,
822 3882 890 3954 per
922 3883 1043 3931 ramos
1077 3864 1212 3931 recisos
1239 3862 1510 3956 propagandas,
1548 3882 1709 3955 quorum
1735 3860 1950 3933 brevissimo
1991 3958 1998 3971 ,

263 4024 381 4115 spatio
414 4026 592 4097 radiculae
617 4026 739 4119 elicit,
773 4038 853 4096 tum
887 4028 1028 4098 aemine
1051 4048 1219 4120 quoque,
1257 4025 1317 4096 rel
1343 4025 1545 4097 uetustiora
1568 4025 1760 4119 minusque
1785 4024 1834 4093 ad
1858 4045 1949 4116 ger·

263 4188 475 4257 minandum
501 4190 699 4284 proclivia,
728 4190 891 4261 eiusdem
919 4212 988 4285 ope
1013 4211 1193 4285 persaepe
1220 4211 1264 4258 eo
1289 4189 1465 4283 perducta
1489 4197 1596 4277 aunt,
1623 4197 1665 4257 ut
1689 4185 1821 4256 laetam
1846 4185 1944 4256 emit

262 4363 385 4423 tarent
408 4364 577 4447 segetem.

362 4550 575 4622 Plantarum
601 4553 785 4641 omnium,
824 4576 938 4649 quaa,
976 4554 1014 4623 in
1039 4555 1139 4624 teatio
1166 4565 1393 4643 ereacantea,
1427 4547 1669 4622 hibernacula
1696 4545 1754 4621 ael
1780 4544 1949 4616 caldariia

265 4726 548 4806 conserventur,
589 4739 734 4789 necesse
760 4725 833 4806 eat,
872 4717 982 4787 dooo'
995 4717 1143 4791 circiter
1166 4717 1329 4791 colimus.

363 4904 518 4978 Habetis
544 4911 624 5000 hic,
653 4910 828 4983 Lectores
853 4913 1045 5003 benevoli,
1086 4937 1178 5010 quae
1203 4915 1301 4985 forte
1327 4907 1458 5007 aliquia
1482 4910 1658 4981 Vestrum
1683 4908 1779 4977 acire
1802 4903 1950 5001 deside-

266 5071 407 5141 raverit
419 5097 431 5164 3
449 5110 456 5123 ·
475 5076 645 5166 minora,
677 5099 724 5149 ne
751 5078 870 5147 taedio
896 5099 1081 5169 etaemus,
1120 5077 1267 5149 cilentio
1291 5074 1536 5148 transivimus.
