4470 6096
1572 460 1575 465 '
1917 459 1956 555 Ι3

264 712 362 782 mine
394 709 594 780 verborum
628 703 775 793 addito,
819 700 937 770 solent
969 701 1163 794 appellare.
1207 693 1357 781 W
1388 661 1496 764 Pois
1519 728 1541 744 -
1553 650 1675 781 phtra
1706 697 1744 760 ct
1777 684 1874 782 Tej-
1892 699 1964 780 pat
2074 642 2104 677 ὀ

170 941 171 944 ¹
264 857 526 929 coriaceum
569 851 698 947 folium
741 850 1051 942 interpretamur,
1091 846 1194 941 quod'
1226 846 1357 917 eadem
1401 840 1482 914 sere
1524 838 1667 910 ratione
1708 848 1745 906 et
1781 833 1963 906 Folium

264 1005 446 1090 indum,
474 995 513 1069 et
532 998 716 1069 Folium
741 995 958 1089 simpliciter
981 994 1203 1098 appellatum
1228 1017 1306 1065 csse
1331 999 1482 1062 constat.
1534 983 1679 1074 Restat,
1707 995 1748 1070 nt
1769 981 1809 1052 in
1835 966 1964 1055 vocem

267 1152 372 1243 Siai,
414 1171 522 1242 quam
556 1143 671 1215 Dciru
703 1143 758 1213 illi
797 1143 979 1231 additam,
1017 1140 1254 1239 ceylenensis
1295 1135 1534 1210 cinnamomi
1557 1131 1707 1202 ‘nomen
1743 1130 1967 1200 Sanscritnm

266 1298 490 1368 constituero
513 1293 731 1387 perhibent,
757 1288 867 1381 Viri,
890 1269 1041 1385 'linguae
1071 1291 1181 1361 huius
1206 1284 1451 1359 difficillimae
1473 1283 1605 1378 periti,
1632 1282 1824 1383 inquirant
1848 1277 1963 1369 expli·

266 1386 443 1536 senique,
478 1463 524 1510 an
555 1439 669 1530 idem,
704 1437 803 1533 quod
834 1437 958 1508 manis
989 1437 1083 1507 illud
1115 1438 1261 1531 linguae
1286 1436 1477 1527 Malaicae‚
1511 1431 1645 1516 valeat,
1682 1427 1968 1517 ansinense',
2065 1430 2068 1435 '

267 1591 365 1682 quod
398 1589 478 1658 aliis
502 1589 661 1682 placuit,
699 1586 881 1681 lignum
911 1573 1117 1691 significans
1131 1636 1142 1676 ,
1189 1595 1438 1656 mercatorum
1481 1576 1690 1649 sinensium
1715 1575 1964 1669 navigationes

222 1784 248 1804 .
267 1752 305 1809 et
328 1735 461 1809 famam
488 1738 621 1831 prodat
644 1731 871 1805 memoriae?

366 1884 624 1978 Antiquiorcm
643 1894 765 1955 autem
788 1882 974 1955 Herodoti
991 1885 1219 1979 temporibus
1243 1878 1398 1952 eandem
1418 1900 1549 1954 vocem
1571 1898 1684 1987 seusu
1703 1875 1835 1947 codem
1862 1873 1966 1944 rela-

267 2045 343 2105 tam
357 2034 562 2108 invenimus
589 2033 627 2102 in
643 2030 766 2103 Libris
779 2029 915 2123 Sacris,
935 2032 1000 2102 ubi
1019 2031 1140 2105 Exod.
1155 2029 1276 2102 XXX
1289 2053 1324 2103 v·
1337 2030 1383 2100 25
1401 2034 1484 2103 nara
1502 2065 1515 2080 ·
1536 2035 1613 2122 tohu
1636 2047 1684 2094 su
1693 2046 1772 2098 ave
1801 2022 1966 2094 cinna·

267 2203 473 2270 momum‚
492 2202 603 2251 suave
622 2199 763 2268 aroma,
773 2176 959 2269 laudatur,
972 2189 1050 2249 tum
1061 2178 1167 2249 cant.
1185 2176 1242 2249 lV
1253 2199 1287 2250 v.
1300 2182 1366 2265 14,
1381 2185 1420 2246 et
1433 2173 1548 2246 Prov.
1562 2170 1649 2244 VII.
1662 2195 1699 2245 v.
1717 2194 1760 2263 17
1779 2171 1965 2271 pntpcin·

268 2350 497 2399 namomum:
530 2325 689 2420 »aspersi
704 2325 827 2403 cubile
844 2349 970 2398 meum
992 2327 1144 2422 myrrha
1160 2337 1198 2396 ct
1214 2323 1297 2396 aloe
1308 2322 1356 2422 {et
1373 2325 1630 2396 cinnamom
1643 2348 1752 2393 o.«-
1766 2320 1838 2392 Ier.
1851 2319 1908 2393 VI
1931 2342 1963 2392 v.

270 2498 319 2547 ao
337 2477 464 2550 verba:
483 2487 594 2551 :uun
609 2485 673 2575 ,Ἃρ
699 2473 853 2566 culmus,
870 2472 994 2547 fistula
1017 2498 1084 2545 seu
1107 2475 1232 2569 tubus,
1254 2475 1294 2546 in
1318 2475 1489 2548 versione
1507 2470 1963 2560 LutheriZimmtrinden,

270 2624 342 2692 alia
367 2622 629 2716 significatione
651 2622 864 2693 describere
880 2623 994 2715 magis
1011 2619 1185 2713 formam,
1207 2647 1318 2717 quam
1331 2621 1516 2716 appellare
1525 2621 1796 2692 cinnamomum
1810 2628 1965 2711 paterno

268 2795 362 2842 sono
387 2772 570 2844 videntur.
598 2770 796 2865 Utcunque
815 2771 1037 2843 autemhaec
1048 2771 1288 2864 accipiantur,
1303 2771 1495 2842 fatendum
1520 2781 1660 2859 umen,
1684 2747 1779 2844 voce
1806 2767 1965 2839 cinna'·

270 2938 385 3004 mon,
421 2937 444 2981 a
470 2915 581 2982 Sacra
614 2915 804 3007 Scriptura
835 2918 971 2987 tradita
1006 2927 1044 2985 et
1082 2875 1210 3007 aperte
1254 2918 1354 2987 inter
1386 2926 1590 2986 aromatum
1636 2917 1784 2990 diversa
1817 2915 1967 2985 uomina

270 3056 411 3145 relata,
449 3057 738 3151 antiquissimam
763 3061 872 3130 huius
895 3058 1385 3155 praestantissimse‚rnercis
1410 3061 1601 3132 historiam
1626 3061 1734 3132 nobis
1760 3059 1914 3131 recludi.

1059 3248 1087 3345 i·
1138 3260 1174 3328 ²·
1431 3268 1467 3313 ·“·

606 3383 609 3389 ¹
648 3409 768 3471 circa
797 3409 1094 3495 etymologiam
1127 3412 1318 3477 nominis
1345 3423 1594 3478 commenta.

370 3551 530 3622 Multum
555 3539 773 3679 labhravere
806 3563 973 3642 veteres,
1012 3567 1089 3625 tam
1119 3552 1259 3627 Medici
1290 3580 1400 3652 quam
1426 3557 1658 3653 Philosophi,
1686 3560 1726 3631 in
1751 3557 1966 3633 derivandis

270 3714 308 3773 et
348 3702 573 3794 explicandis
615 3701 803 3775 vocabulis
842 3699 969 3770 cassis
1001 3713 1040 3772 st
1082 3705 1343 3778 cinnamomo.
1413 3701 1474 3775 Ex
1498 3704 1556 3774 his
1602 3707 1666 3800 qui
1707 3703 1847 3779 frustra
1885 3731 1966 3779 rem
2088 3686 2095 3697 ⁴

269 3859 459 3921 tentavere
495 3847 774 3941 difficillimam,
813 3869 944 3919 eorum
985 3848 1135 3939 longum
1172 3847 1271 3918 foret
1322 3853 1525 3941 repetendo
1561 3853 1763 3924 extendere
1804 3877 1965 3930 errores.

270 3995 469 4067 Afferimus
492 3993 693 4086 nonnulla,
720 4018 815 4090 quae
843 3996 1002 4067 eundem
1028 3994 1171 4104 sontem
1195 3996 1359 4091 produnt
1379 3995 1440 4070 vel
1464 4018 1570 4088 sono,
1597 3998 1658 4072 vel
1683 3999 1967 4096 littera'ecripu

270 4143 478 4233 turbatum,
506 4143 565 4216 vel
592 4144 712 4238 quoad
737 4140 1038 4235 significationem
1062 4144 1160 4215 male
1185 4143 1422 4216 intellectum.

369 4290 595 4363 Huiusmodi
618 4291 726 4363 nobis
748 4291 948 4385 videntur,
970 4314 1067 4387 quoe
1090 4293 1142 4363 de
1165 4290 1378 4364 Sinenaibua
1403 4315 1469 4364 seu
1492 4298 1627 4370 verbo:
1668 4295 1841 4388 chius,
1878 4309 1967 4371 tan-

272 4461 382 4532 quam
411 4432 711 4510 cinnamomi
744 4422 903 4511 nominis
929 4438 1070 4532 origine
1095 4438 1318 4532 traduntur,
1353 4442 1495 4513 scilicet
1528 4445 1628 4538 quod
1660 4445 1831 4518 Sinenses
1854 4448 1967 4542 primi

271 4596 336 4678 aut
351 4585 479 4657 saltem
496 4587 683 4681 praecipui
701 4554 861 4656 furassit
874 4636 885 4676 ,
914 4585 977 4678 qui
998 4580 1086 4654 olim
1112 4584 1184 4655 hoc
1208 4609 1338 4659 aroma
1361 4601 1565 4660 mercatum
1591 4589 1891 4686 deportaverin't‚
1918 4595 1965 4662 sb

270 4732 344 4805 illis
365 4757 525 4806 mercem
541 4735 667 4807 tulisse
693 4755 847 4806 nomen:
873 4732 926 4807 sic
950 4731 1048 4827 apud
1063 4729 1205 4806 Arabes
1221 4733 1314 4808 Dor
1336 4734 1448 4808 cirini
1476 4746 1560 4823 (seu
1577 4738 1712 4809 rectius
1727 4737 1966 4838 Dordjini*)

270 4892 432 4984 Seylona
451 4870 530 4964 i.'e.
547 4893 687 4987 lignum
707 4890 860 4963 Siaense
892 4912 912 4961 e
941 4888 1082 4986 Geylan
1110 4889 1258 4985 Insula,
1277 4892 1449 4993 2Kersah
1483 4891 1560 4990 (vel
1580 4891 1718 4965 Kirfah
1736 4871 1816 5008 ieje)
1841 4910 1965 4969 autem

333 5156 361 5238 'l
382 5152 477 5217 cont.
500 5151 620 5215 Anton.
643 5153 822 5215 comment
850 5097 887 5208 ih
906 5144 985 5211 Mes.
1008 5144 1154 5220 Antidot.
1181 5151 1269 5230 1543.
1293 5173 1325 5238 p.
1347 5152 1397 5217 58.
