4470 6096
1898 431 1948 502 39

261 665 455 760 capetulo,
499 663 703 751 malausa,
730 667 979 735 scnemata«
1033 657 1179 748 Liceat,
1214 678 1309 755 quae
1333 678 1382 728 ex
1416 657 1473 728 his
1499 654 1704 750 colligenda
1731 654 1946 748 rideantur,

262 817 384 887 statim
410 811 631 883 adnectere:

248 1065 260 1085 ‚
367 998 402 1063 ι·
430 992 635 1080 Linneum,
663 1009 746 1058 cum
768 984 944 1063 Hortum
971 982 1243 1055 cliffortianum
1269 984 1513 1072 describeret,
1541 987 1748 1059 Laurum
1774 982 1893 1058 cin'n
1904 1007 1951 1056 a·

264 1163 461 1214 momum
496 1159 607 1206 sensu
630 1132 808 1205 latissimo
835 1131 1038 1226 accepisse,
1082 1153 1155 1225 quo
1191 1153 1317 1200 omnes
1352 1131 1582 1204 canelliseras
1614 1135 1787 1226 arbores,
1826 1130 1950 1204 nullo

264 1287 447 1385 patriae
473 1273 741 1354 discrimine
767 1282 1035 1369 observato,
1063 1276 1386 1370 complectebatur.

368 1466 405 1536 a·
432 1432 591 1555 Vivum,
626 1447 725 1558 quorl
748 1482 858 1530 nemo
889 1458 1107 1545 mirabitur,
1147 1453 1280 1525 florem
1312 1456 1458 1529 Liuueo
1491 1483 1565 1529 non
1597 1458 1709 1563 morlo
1734 1480 1809 1529 non
1833 1458 1952 1529 risum

269 1637 373 1704 esse,
410 1613 474 1683 sed
508 1613 645 1682 siccum
678 1629 849 1704 quoque,
888 1627 981 1699 quae
1005 1616 1105 1674 tunc<
1119 1603 1374 1694 superstitiosa
1400 1603 1482 1674 fere
1516 1602 1588 1674 tuit
1619 1584 1772 1678 huiusce
1803 1605 1947 1677 arboris

268 1761 459 1834 veneratio
472 1811 483 1850 ,
517 1759 579 1831 vix
611 1778 753 1828 summa
791 1735 1116 1846 circumspectione
1149 1762 1300 1844 tangere
1337 1751 1503 1823 manibus
1537 1753 1683 1824 licuisse
1718 1753 1953 1847 examinique

270 1894 449 1976 subiicere
474 1901 629 1972 erudito.
680 1900 766 1990 Quo
793 1895 1033 1986 factumest,
1059 1904 1102 1964 ut
1127 1893 1331 1967 Burmanni
1355 1888 1522 1967 iconibus
1546 1921 1616 1994 pro
1642 1872 1876 1994 ipsa'nutura
1899 1898 1955 1970 uti

271 2055 309 2124 in
337 2049 589 2122 constituendo
614 2048 757 2141 generis
782 2046 996 2116 charactere
1021 2056 1215 2138 cogeretur
1237 2046 1298 2121 vir
1323 2045 1598 2119 celeberrimus.

371 2232 411 2299 δ’
437 2229 640 2300 Burmanni
671 2227 758 2297 licet
782 2225 999 2296 auctoritate
1033 2226 1072 2295 in
1095 2227 1281 2298 nonnullis
1315 2227 1469 2324 decepto
1495 2230 1645 2300 minime
1669 2238 1793 2302 mmen
1817 2251 1954 2300 excoe-

226 2452 231 2459 ,
273 2390 373 2470 cato,
404 2379 753 2450 cinnamomum
778 2374 871 2446 illud
894 2384 1124 2471 perpetuo
1149 2374 1337 2450 florens
1365 2357 1552 2476 Linneo·
1578 2379 1697 2452 visum
1721 2401 1802 2450 esse
1827 2378 1956 2449 Lauro

274 2529 492 2598 cinamomo
516 2528 675 2621 genuino
700 2525 817 2596 satis
844 2524 1028 2620 quidem
1049 2536 1311 2621 cognatum,
1338 2499 1415 2620 non
1438 2527 1661 2620 irritamen,
1689 2536 1732 2599 ut
1754 2550 1804 2601 ne
1829 2526 1955 2601 varie-

272 2675 356 2744 tatis
380 2685 469 2745 nota
493 2675 561 2745 sub
586 2674 656 2744 isto
680 2671 827 2744 nomina
852 2681 948 2742 esset
971 2672 1228 2742 enarrandum.
1256 2734 1270 2761 ‚

371 2860 409 2932 4⁶
438 2855 566 2949 Neque
591 2856 704 2948 magis
730 2854 839 2951 tidem
864 2853 1035 2924 habuisse
1058 2851 1243 2922 Linneum
1269 2848 1429 2925 verbis
1457 2847 1675 2943 Burmanni,
1701 2853 1832 2948 quibus
1858 2855 1955 2947 istic,

271 3005 442 3076 inductus
475 3005 622 3075 nomine
663 3002 770 3075 huius
803 3004 945 3074 arboris
979 3012 1018 3072 et
1059 3000 1219 3069 aliorum
1264 2961 1605 3090 observationibus,
1658 3000 1698 3072 in
1731 2999 1840 3073 Mael
1864 3003 1956 3103 crs·
2056 3078 2059 3083 ,

270 3153 396 3225 rundu
433 3151 532 3223 sorte
576 3164 614 3223 et
649 3152 689 3220 in
730 3125 872 3219 Dauul
912 3150 1093 3219 Curunda
1130 3149 1263 3219 arbore
1308 3150 1510 3244 institutis,
1556 3153 1770 3244 ramulum,
1827 3152 1954 3224 tabula

276 3304 322 3372 28
360 3301 576 3394 depictum,
637 3296 839 3368 masculi
891 3297 1055 3366 eiusdem
1097 3319 1183 3367 cum
1217 3298 1461 3370 Cinnamomo
1499 3301 1636 3395 speciei
1673 3302 1818 3373 arboris
1858 3323 1956 3391 esse,

272 3449 459 3541 ingeniose
499 3444 631 3536 magis,
671 3465 780 3538 quam
816 3463 905 3517 vere
947 3441 1172 3514 coniiciebat
1246 3443 1344 3519 Nam
1386 3447 1827 3544 hermaphroditum
1873 3471 1953 3519 esse

273 3591 468 3684 arborem,
506 3590 650 3661 disertis
677 3584 800 3663 verbis
830 3586 995 3658 Linneus
1028 3584 1054 3657 l.
1080 3614 1111 3660 c.
1136 3591 1368 3686 declaravit,
1393 3616 1513 3692 neque
1537 3598 1687 3669 omnino
1711 3597 1822 3667 flores
1846 3595 1956 3668 huius

272 3737 471 3827 floridi,
507 3760 529 3808 a
555 3735 767 3831 fructigeri,
803 3735 903 3829 quod
933 3736 1145 3810 nominabat
1168 3741 1425 3837 Burmannus,
1451 3744 1695 3838 aengannim
1721 3746 1957 3820 cinnamomi

272 3886 426 3960 floribus
460 3887 600 3959 censuit
638 3887 824 3978 diversos,
850 3884 1215 3980 nequesLitsaeae
1240 3908 1307 3956 seu
1330 3886 1474 3960 Dowul
1499 3888 1681 3961 Curunda
1718 3854 1852 3986 flores,
1892 3896 1956 3988 qui

271 4035 432 4130 partium
467 4036 599 4109 abortu
630 4056 720 4109 vere
754 4035 865 4106 dioici
904 4033 1063 4127 reperiri
1095 4033 1290 4128 dicuntur,
1331 4034 1391 4105 hio
1423 4035 1464 4106 iu
1489 4057 1639 4110 censum
1662 4041 1831 4131 vocam,
1868 4041 1956 4113 licet

272 4197 394 4259 essent
413 4186 577 4259 eiusdem
600 4185 767 4279 arboris,
802 4206 911 4282 quam
936 4184 1011 4257 alio
1035 4197 1225 4279 tempore,
1259 4182 1421 4256 ramulos
1446 4185 1524 4256 eiu‘s
1548 4186 1588 4259 in
1612 4184 1757 4284 Royeni
1780 4187 1956 4261 herbario

270 4345 451 4430 tractans,
477 4336 678 4409 Laurum
702 4336 1043 4411 verticillatam
1068 4333 1277 4406 Hermanni
1302 4334 1349 4404 ad
1372 4335 1583 4431 exemplum
1606 4336 1866 4433 appellaverat.

365 4516 411 4612 ’5)
434 4516 577 4588 Verum
610 4540 631 4587 e
662 4541 734 4613 quo
760 4539 888 4589 errore
915 4513 1073 4587 feliciter
1100 4515 1215 4590 erasit
1238 4513 1297 4589 vir
1311 4514 1380 4585 iste
1396 4510 1748 4615 perspicacissimus,
1775 4517 1814 4589 in
1836 4516 1950 4611 bunc,

271 4663 335 4757 qui
358 4666 547 4754 evenerit,
578 4677 621 4736 ut
644 4665 754 4758 longo
784 4679 952 4759 tempore
982 4673 1065 4757 post
1089 4664 1152 4734 alii
1176 4660 1433 4754 incurrerent,
1473 4683 1557 4731 cum
1589 4661 1764 4738 adversus
1797 4663 1953 4740 Iussievi

269 4803 400 4900 (Amr.
427 4809 479 4878 du
503 4809 604 4879 Mus.
629 4808 695 4882 Vl.
720 4834 757 4902 p,
776 4809 883 4905 215.)
909 4810 1157 4903 gravissimam
1183 4809 1581 4907 luculentissimamque
1606 4806 1957 4886 demonstrationem

270 4952 621 5046 cinnamonum
662 4952 877 5025 aLauro
921 4957 1093 5050 distingui
1132 4957 1330 5030 floribus
1375 4958 1548 5033 (liniris
1592 4974 1826 5056 assererent,
1873 4963 1956 5039 iure
1996 5015 2000 5024 ·

267 5100 459 5174 miramur.
