<?xml version="1.0" encoding="UTF-8"?>
<!DOCTYPE html PUBLIC "-//W3C//DTD XHTML 1.0 Transitional//EN"
    "http://www.w3.org/TR/xhtml1/DTD/xhtml1-transitional.dtd">
<html xmlns="http://www.w3.org/1999/xhtml" xml:lang="en" lang="en">
 <head>
  <title>
</title>
<meta http-equiv="Content-Type" content="text/html;charset=utf-8" />
  <meta name='ocr-system' content='tesseract 3.04.00' />
  <meta name='ocr-capabilities' content='ocr_page ocr_carea ocr_par ocr_line ocrx_word'/>
</head>
<body>
  <div class='ocr_page' id='page_1' title='image "./decinnamomodisp00esengoog_0033.png"; bbox 0 0 4470 6096; ppageno 0'>
   <div class='ocr_carea' id='block_1_1' title="bbox 1753 451 1798 529">
    <p class='ocr_par' dir='ltr' id='par_1_1' title="bbox 1753 451 1798 529">
     <span class='ocr_line' id='line_1_1' title="bbox 1753 451 1798 529; baseline 0.044 -2"><span class='ocrx_word' id='word_1_1' title='bbox 1753 451 1798 529; x_wconf 85' lang='lat'><strong>11</strong></span> 
     </span>
    </p>
   </div>
   <div class='ocr_carea' id='block_1_2' title="bbox 13 680 1845 4339">
    <p class='ocr_par' dir='ltr' id='par_1_2' title="bbox 108 680 1806 1081">
     <span class='ocr_line' id='line_1_2' title="bbox 212 680 1802 780; baseline -0.004 -21"><span class='ocrx_word' id='word_1_2' title='bbox 212 688 324 780; x_wconf 88' lang='lat' dir='ltr'><strong>Quod</strong></span> <span class='ocrx_word' id='word_1_3' title='bbox 346 710 435 762; x_wconf 89' lang='lat' dir='ltr'><strong>vero</strong></span> <span class='ocrx_word' id='word_1_4' title='bbox 463 687 625 761; x_wconf 87' lang='lat' dir='ltr'><strong>radicem</strong></span> <span class='ocrx_word' id='word_1_5' title='bbox 650 707 689 759; x_wconf 88' lang='lat' dir='ltr'><strong>se</strong></span> <span class='ocrx_word' id='word_1_6' title='bbox 716 688 864 779; x_wconf 86' lang='lat' dir='ltr'><strong>vidisse,</strong></span> <span class='ocrx_word' id='word_1_7' title='bbox 890 686 954 777; x_wconf 88' lang='lat' dir='ltr'><strong>ait,</strong></span> <span class='ocrx_word' id='word_1_8' title='bbox 984 683 1219 756; x_wconf 75' lang='lat' dir='ltr'><strong>cinnamomi</strong></span> <span class='ocrx_word' id='word_1_9' title='bbox 1243 683 1366 778; x_wconf 82' lang='lat' dir='ltr'><strong>magni</strong></span> <span class='ocrx_word' id='word_1_10' title='bbox 1391 683 1580 777; x_wconf 85' lang='lat' dir='ltr'><strong>ponderis,</strong></span> <span class='ocrx_word' id='word_1_11' title='bbox 1606 680 1802 775; x_wconf 87' lang='lat' dir='ltr'><strong>intemplo</strong></span> 
     </span>
     <span class='ocr_line' id='line_1_3' title="bbox 111 829 1804 934; baseline -0.005 -24"><span class='ocrx_word' id='word_1_12' title='bbox 111 839 269 934; x_wconf 88' lang='lat' dir='ltr'><strong>quodam</strong></span> <span class='ocrx_word' id='word_1_13' title='bbox 293 837 418 932; x_wconf 88' lang='lat' dir='ltr'><strong>palatii</strong></span> <span class='ocrx_word' id='word_1_14' title='bbox 437 859 569 910; x_wconf 88' lang='lat' dir='ltr'><strong>aureae</strong></span> <span class='ocrx_word' id='word_1_15' title='bbox 588 848 737 932; x_wconf 87' lang='lat' dir='ltr'><strong>paterae</strong></span> <span class='ocrx_word' id='word_1_16' title='bbox 757 836 985 930; x_wconf 73' lang='lat' dir='ltr'><strong>impositam:</strong></span> <span class='ocrx_word' id='word_1_17' title='bbox 1016 857 1085 906; x_wconf 81' lang='lat' dir='ltr'><strong>»ex</strong></span> <span class='ocrx_word' id='word_1_18' title='bbox 1111 857 1184 928; x_wconf 90' lang='lat' dir='ltr'><strong>qua</strong></span> <span class='ocrx_word' id='word_1_19' title='bbox 1207 842 1330 926; x_wconf 86' lang='lat' dir='ltr'><strong>guttae</strong></span> <span class='ocrx_word' id='word_1_20' title='bbox 1356 831 1476 903; x_wconf 88' lang='lat' dir='ltr'><strong>editae</strong></span> <span class='ocrx_word' id='word_1_21' title='bbox 1504 831 1608 902; x_wconf 90' lang='lat' dir='ltr'><strong>annis</strong></span> <span class='ocrx_word' id='word_1_22' title='bbox 1634 829 1804 903; x_wconf 80' lang='lat' dir='ltr'><strong>omnibus</strong></span> 
     </span>
     <span class='ocr_line' id='line_1_4' title="bbox 108 978 1806 1081; baseline -0.003 -25"><span class='ocrx_word' id='word_1_23' title='bbox 108 989 148 1056; x_wconf 88' lang='lat' dir='ltr'><strong>in</strong></span> <span class='ocrx_word' id='word_1_24' title='bbox 166 1008 280 1080; x_wconf 86' lang='lat' dir='ltr'><strong>grana</strong></span> <span class='ocrx_word' id='word_1_25' title='bbox 296 988 564 1077; x_wconf 82' lang='lat' dir='ltr'><strong>ducebantur«,</strong></span> <span class='ocrx_word' id='word_1_26' title='bbox 590 987 636 1057; x_wconf 84' lang='lat' dir='ltr'><strong>de</strong></span> <span class='ocrx_word' id='word_1_27' title='bbox 655 986 728 1057; x_wconf 89' lang='lat' dir='ltr'><strong>olei</strong></span> <span class='ocrx_word' id='word_1_28' title='bbox 742 986 931 1057; x_wconf 89' lang='lat' dir='ltr'><strong>cuiusdam</strong></span> <span class='ocrx_word' id='word_1_29' title='bbox 943 982 1110 1056; x_wconf 76' lang='lat' dir='ltr'><strong>aetherei</strong></span> <span class='ocrx_word' id='word_1_30' title='bbox 1125 981 1326 1077; x_wconf 77' lang='lat' dir='ltr'><strong>vaporibus</strong></span> <span class='ocrx_word' id='word_1_31' title='bbox 1342 978 1662 1081; x_wconf 66' lang='lat' dir='ltr'><strong>intelligimuaad</strong></span> <span class='ocrx_word' id='word_1_32' title='bbox 1680 978 1806 1051; x_wconf 82' lang='lat' dir='ltr'><strong>aiirem</strong></span> 
     </span>
    </p>

    <p class='ocr_par' dir='ltr' id='par_1_3' title="bbox 13 1122 950 1230">
     <span class='ocr_line' id='line_1_5' title="bbox 13 1122 950 1230; baseline -0.002 -26"><span class='ocrx_word' id='word_1_33' title='bbox 13 1122 16 1127; x_wconf 69' lang='grc'><strong>’</strong></span> <span class='ocrx_word' id='word_1_34' title='bbox 109 1135 388 1226; x_wconf 84' lang='lat' dir='ltr'><strong>coagulantibus</strong></span> <span class='ocrx_word' id='word_1_35' title='bbox 414 1135 473 1206; x_wconf 88' lang='lat' dir='ltr'><strong>vel</strong></span> <span class='ocrx_word' id='word_1_36' title='bbox 498 1136 537 1205; x_wconf 92' lang='lat' dir='ltr'><strong>in</strong></span> <span class='ocrx_word' id='word_1_37' title='bbox 563 1135 751 1230; x_wconf 80' lang='lat' dir='ltr'><strong>crystallus</strong></span> <span class='ocrx_word' id='word_1_38' title='bbox 777 1134 950 1206; x_wconf 89' lang='lat' dir='ltr'><strong>mutatis.-</strong></span> 
     </span>
    </p>

    <p class='ocr_par' dir='ltr' id='par_1_4' title="bbox 109 1273 1845 1986">
     <span class='ocr_line' id='line_1_6' title="bbox 208 1273 1805 1369; baseline -0.005 -17"><span class='ocrx_word' id='word_1_39' title='bbox 208 1282 268 1352; x_wconf 90' lang='lat' dir='ltr'><strong>De</strong></span> <span class='ocrx_word' id='word_1_40' title='bbox 294 1283 457 1352; x_wconf 81' lang='lat' dir='ltr'><strong>Caisia</strong></span> <span class='ocrx_word' id='word_1_41' title='bbox 482 1282 575 1353; x_wconf 86' lang='lat' dir='ltr'><strong>heac</strong></span> <span class='ocrx_word' id='word_1_42' title='bbox 599 1282 711 1353; x_wconf 88' lang='lat' dir='ltr'><strong>habet</strong></span> <span class='ocrx_word' id='word_1_43' title='bbox 736 1283 900 1352; x_wconf 87' lang='lat' dir='ltr'><strong>Plinius:</strong></span> <span class='ocrx_word' id='word_1_44' title='bbox 936 1279 988 1351; x_wconf 91' lang='lat' dir='ltr'><strong>Et</strong></span> <span class='ocrx_word' id='word_1_45' title='bbox 1012 1281 1106 1350; x_wconf 88' lang='lat' dir='ltr'><strong>hanc</strong></span> <span class='ocrx_word' id='word_1_46' title='bbox 1131 1276 1303 1349; x_wconf 76' lang='lat' dir='ltr'><strong>fruticem</strong></span> <span class='ocrx_word' id='word_1_47' title='bbox 1330 1298 1410 1348; x_wconf 91' lang='lat' dir='ltr'><strong>esse</strong></span> <span class='ocrx_word' id='word_1_48' title='bbox 1434 1277 1608 1369; x_wconf 82' lang='lat' dir='ltr'><strong>iuxtaque</strong></span> <span class='ocrx_word' id='word_1_49' title='bbox 1631 1273 1805 1345; x_wconf 87' lang='lat' dir='ltr'><strong>Cinnami</strong></span> 
     </span>
     <span class='ocr_line' id='line_1_7' title="bbox 111 1425 1804 1521; baseline -0.003 -24"><span class='ocrx_word' id='word_1_50' title='bbox 111 1451 258 1521; x_wconf 89' lang='lat' dir='ltr'><strong>campos</strong></span> <span class='ocrx_word' id='word_1_51' title='bbox 285 1450 470 1517; x_wconf 89' lang='lat' dir='ltr'><strong>crescere,</strong></span> <span class='ocrx_word' id='word_1_52' title='bbox 498 1429 626 1498; x_wconf 91' lang='lat' dir='ltr'><strong>sedin</strong></span> <span class='ocrx_word' id='word_1_53' title='bbox 653 1430 857 1517; x_wconf 88' lang='lat' dir='ltr'><strong>montibus,</strong></span> <span class='ocrx_word' id='word_1_54' title='bbox 883 1431 1115 1499; x_wconf 84' lang='lat' dir='ltr'><strong>crassiore</strong></span> <span class='ocrx_word' id='word_1_55' title='bbox 1142 1438 1403 1516; x_wconf 88' lang='lat' dir='ltr'><strong>sarmento,</strong></span> <span class='ocrx_word' id='word_1_56' title='bbox 1431 1425 1564 1495; x_wconf 85' lang='lat' dir='ltr'><strong>tenui</strong></span> <span class='ocrx_word' id='word_1_57' title='bbox 1595 1434 1696 1495; x_wconf 88' lang='lat' dir='ltr'><strong>cute</strong></span> <span class='ocrx_word' id='word_1_58' title='bbox 1720 1447 1804 1516; x_wconf 84' lang='lat' dir='ltr'><strong>po-</strong></span> 
     </span>
     <span class='ocr_line' id='line_1_8' title="bbox 110 1568 1801 1670; baseline -0.003 -25"><span class='ocrx_word' id='word_1_59' title='bbox 110 1579 225 1667; x_wconf 87' lang='lat' dir='ltr'><strong>tius,</strong></span> <span class='ocrx_word' id='word_1_60' title='bbox 253 1599 386 1669; x_wconf 90' lang='lat' dir='ltr'><strong>quam</strong></span> <span class='ocrx_word' id='word_1_61' title='bbox 413 1599 526 1650; x_wconf 89' lang='lat' dir='ltr'><strong>vero</strong></span> <span class='ocrx_word' id='word_1_62' title='bbox 553 1578 731 1647; x_wconf 89' lang='lat' dir='ltr'><strong>cortice</strong></span> <span class='ocrx_word' id='word_1_63' title='bbox 757 1574 915 1670; x_wconf 87' lang='lat' dir='ltr'><strong>(librum</strong></span> <span class='ocrx_word' id='word_1_64' title='bbox 941 1574 1146 1669; x_wconf 87' lang='lat' dir='ltr'><strong>intelligas,</strong></span> <span class='ocrx_word' id='word_1_65' title='bbox 1180 1599 1203 1644; x_wconf 85' lang='lat' dir='ltr'><strong>a</strong></span> <span class='ocrx_word' id='word_1_66' title='bbox 1228 1575 1365 1645; x_wconf 87' lang='lat' dir='ltr'><strong>cortice</strong></span> <span class='ocrx_word' id='word_1_67' title='bbox 1392 1568 1665 1667; x_wconf 75' lang='lat' dir='ltr'><strong>denudatum),</strong></span> <span class='ocrx_word' id='word_1_68' title='bbox 1692 1594 1801 1664; x_wconf 90' lang='lat' dir='ltr'><strong>quem</strong></span> 
     </span>
     <span class='ocr_line' id='line_1_9' title="bbox 109 1719 1804 1819; baseline -0.003 -26"><span class='ocrx_word' id='word_1_69' title='bbox 109 1734 250 1812; x_wconf 84' lang='lat' dir='ltr'><strong>contra,</strong></span> <span class='ocrx_word' id='word_1_70' title='bbox 265 1725 427 1818; x_wconf 89' lang='lat' dir='ltr'><strong>atquein</strong></span> <span class='ocrx_word' id='word_1_71' title='bbox 452 1725 671 1814; x_wconf 86' lang='lat' dir='ltr'><strong>cinamomo,</strong></span> <span class='ocrx_word' id='word_1_72' title='bbox 689 1719 807 1797; x_wconf 81' lang='lat' dir='ltr'><strong>levari</strong></span> <span class='ocrx_word' id='word_1_73' title='bbox 827 1734 936 1819; x_wconf 82' lang='lat' dir='ltr'><strong>atque</strong></span> <span class='ocrx_word' id='word_1_74' title='bbox 961 1723 1144 1795; x_wconf 84' lang='lat' dir='ltr'><strong>exinaniri</strong></span> <span class='ocrx_word' id='word_1_75' title='bbox 1169 1722 1330 1818; x_wconf 87' lang='lat' dir='ltr'><strong>pretium</strong></span> <span class='ocrx_word' id='word_1_76' title='bbox 1356 1721 1414 1790; x_wconf 90' lang='lat' dir='ltr'><strong>sit.</strong></span> <span class='ocrx_word' id='word_1_77' title='bbox 1443 1720 1804 1794; x_wconf 88' lang='lat' dir='ltr'><strong>Consecatosbinum</strong></span> 
     </span>
     <span class='ocr_line' id='line_1_10' title="bbox 111 1870 1845 1986; baseline -0.001 -46"><span class='ocrx_word' id='word_1_78' title='bbox 111 1872 310 1966; x_wconf 83' lang='lat' dir='ltr'><strong>digitorum</strong></span> <span class='ocrx_word' id='word_1_79' title='bbox 335 1873 503 1986; x_wconf 78' lang='lat' dir='ltr'><strong>surcplos</strong></span> <span class='ocrx_word' id='word_1_80' title='bbox 528 1895 617 1944; x_wconf 84' lang='lat' dir='ltr'><strong>mox</strong></span> <span class='ocrx_word' id='word_1_81' title='bbox 641 1870 790 1968; x_wconf 86' lang='lat' dir='ltr'><strong>praesui</strong></span> <span class='ocrx_word' id='word_1_82' title='bbox 815 1871 1024 1945; x_wconf 79' lang='lat' dir='ltr'><strong>recentibus</strong></span> <span class='ocrx_word' id='word_1_83' title='bbox 1050 1871 1160 1942; x_wconf 87' lang='lat' dir='ltr'><strong>coriis</strong></span> <span class='ocrx_word' id='word_1_84' title='bbox 1186 1870 1488 1964; x_wconf 82' lang='lat' dir='ltr'><strong>quadrupedum,</strong></span> <span class='ocrx_word' id='word_1_85' title='bbox 1532 1881 1575 1939; x_wconf 89' lang='lat' dir='ltr'><strong>ut</strong></span> <span class='ocrx_word' id='word_1_86' title='bbox 1600 1872 1645 1941; x_wconf 88' lang='lat' dir='ltr'><strong>iis</strong></span> <span class='ocrx_word' id='word_1_87' title='bbox 1664 1882 1805 1964; x_wconf 89' lang='lat' dir='ltr'><strong>putres·</strong></span> <span class='ocrx_word' id='word_1_88' title='bbox 1841 1968 1845 1975; x_wconf 23' lang='grc' dir='ltr'>Ι</span> 
     </span>
    </p>

    <p class='ocr_par' dir='ltr' id='par_1_5' title="bbox 58 2006 1813 3440">
     <span class='ocr_line' id='line_1_11' title="bbox 58 2006 1799 2113; baseline -0.004 -18"><span class='ocrx_word' id='word_1_89' title='bbox 58 2092 59 2095; x_wconf 74' lang='grc'>,</span> <span class='ocrx_word' id='word_1_90' title='bbox 109 2022 274 2091; x_wconf 88' lang='lat' dir='ltr'><strong>centibus</strong></span> <span class='ocrx_word' id='word_1_91' title='bbox 289 2019 482 2094; x_wconf 85' lang='lat' dir='ltr'><strong>vermiculi</strong></span> <span class='ocrx_word' id='word_1_92' title='bbox 495 2019 633 2113; x_wconf 86' lang='lat' dir='ltr'><strong>lignum</strong></span> <span class='ocrx_word' id='word_1_93' title='bbox 647 2019 1097 2092; x_wconf 81' lang='lat' dir='ltr'><strong>erodant-Inferiorem</strong></span> <span class='ocrx_word' id='word_1_94' title='bbox 1113 2021 1286 2093; x_wconf 86' lang='lat' dir='ltr'><strong>corticem</strong></span> <span class='ocrx_word' id='word_1_95' title='bbox 1301 2006 1496 2095; x_wconf 80' lang='lat' dir='ltr'><strong>candidum</strong></span> <span class='ocrx_word' id='word_1_96' title='bbox 1511 2040 1604 2107; x_wconf 89' lang='lat' dir='ltr'><strong>esse,</strong></span> <span class='ocrx_word' id='word_1_97' title='bbox 1621 2018 1799 2110; x_wconf 90' lang='lat' dir='ltr'><strong>medium,</strong></span> 
     </span>
     <span class='ocr_line' id='line_1_12' title="bbox 108 2164 1802 2262; baseline -0.002 -25"><span class='ocrx_word' id='word_1_98' title='bbox 108 2192 130 2237; x_wconf 88' lang='lat' dir='ltr'><strong>a</strong></span> <span class='ocrx_word' id='word_1_99' title='bbox 155 2170 257 2262; x_wconf 91' lang='lat' dir='ltr'><strong>pedis</strong></span> <span class='ocrx_word' id='word_1_100' title='bbox 283 2191 456 2240; x_wconf 88' lang='lat' dir='ltr'><strong>mensura</strong></span> <span class='ocrx_word' id='word_1_101' title='bbox 482 2170 529 2238; x_wconf 90' lang='lat' dir='ltr'><strong>ad</strong></span> <span class='ocrx_word' id='word_1_102' title='bbox 555 2169 714 2240; x_wconf 87' lang='lat' dir='ltr'><strong>alterum</strong></span> <span class='ocrx_word' id='word_1_103' title='bbox 736 2169 945 2258; x_wconf 88' lang='lat' dir='ltr'><strong>dimidium,</strong></span> <span class='ocrx_word' id='word_1_104' title='bbox 971 2167 1182 2255; x_wconf 89' lang='lat' dir='ltr'><strong>rubescere,</strong></span> <span class='ocrx_word' id='word_1_105' title='bbox 1211 2167 1310 2258; x_wconf 91' lang='lat' dir='ltr'><strong>quod</strong></span> <span class='ocrx_word' id='word_1_106' title='bbox 1327 2164 1440 2253; x_wconf 89' lang='lat' dir='ltr'><strong>ultra,</strong></span> <span class='ocrx_word' id='word_1_107' title='bbox 1463 2166 1609 2258; x_wconf 87' lang='lat' dir='ltr'><strong>nigrum</strong></span> <span class='ocrx_word' id='word_1_108' title='bbox 1626 2167 1802 2258; x_wconf 82' lang='lat' dir='ltr'><strong>inveniri3</strong></span> 
     </span>
     <span class='ocr_line' id='line_1_13' title="bbox 110 2312 1802 2416; baseline -0.001 -32"><span class='ocrx_word' id='word_1_109' title='bbox 110 2317 280 2386; x_wconf 89' lang='lat' dir='ltr'><strong>damnari</strong></span> <span class='ocrx_word' id='word_1_110' title='bbox 306 2318 497 2393; x_wconf 84' lang='lat' dir='ltr'><strong>candidam</strong></span> <span class='ocrx_word' id='word_1_111' title='bbox 523 2315 680 2416; x_wconf 81' lang='lat' dir='ltr'><strong>partem,</strong></span> <span class='ocrx_word' id='word_1_112' title='bbox 708 2318 851 2388; x_wconf 85' lang='lat' dir='ltr'><strong>laudari</strong></span> <span class='ocrx_word' id='word_1_113' title='bbox 876 2316 1133 2387; x_wconf 89' lang='lat' dir='ltr'><strong>rubescentem</strong></span> <span class='ocrx_word' id='word_1_114' title='bbox 1157 2313 1387 2408; x_wconf 85' lang='lat' dir='ltr'><strong>nigramque.</strong></span> <span class='ocrx_word' id='word_1_115' title='bbox 1414 2312 1475 2382; x_wconf 87' lang='lat' dir='ltr'><strong>Ex</strong></span> <span class='ocrx_word' id='word_1_116' title='bbox 1498 2313 1557 2383; x_wconf 89' lang='lat' dir='ltr'><strong>his</strong></span> <span class='ocrx_word' id='word_1_117' title='bbox 1583 2312 1802 2406; x_wconf 84' lang='lat' dir='ltr'><strong>colligimus,</strong></span> 
     </span>
     <span class='ocr_line' id='line_1_14' title="bbox 109 2437 1804 2558; baseline 0.002 -26"><span class='ocrx_word' id='word_1_118' title='bbox 109 2463 452 2533; x_wconf 90' lang='lat' dir='ltr'><strong>CassiamPlinii</strong></span> <span class='ocrx_word' id='word_1_119' title='bbox 469 2477 637 2535; x_wconf 89' lang='lat' dir='ltr'><strong>nostrum</strong></span> <span class='ocrx_word' id='word_1_120' title='bbox 654 2488 733 2536; x_wconf 89' lang='lat' dir='ltr'><strong>esse</strong></span> <span class='ocrx_word' id='word_1_121' title='bbox 757 2437 1126 2557; x_wconf 77' lang='lat' dir='ltr'><strong>cinnamomum,</strong></span> <span class='ocrx_word' id='word_1_122' title='bbox 1149 2477 1251 2538; x_wconf 88' lang='lat' dir='ltr'><strong>arte</strong></span> <span class='ocrx_word' id='word_1_123' title='bbox 1276 2474 1485 2558; x_wconf 90' lang='lat' dir='ltr'><strong>paratum</strong></span> <span class='ocrx_word' id='word_1_124' title='bbox 1502 2476 1540 2534; x_wconf 86' lang='lat' dir='ltr'><strong>et</strong></span> <span class='ocrx_word' id='word_1_125' title='bbox 1562 2466 1672 2535; x_wconf 89' lang='lat' dir='ltr'><strong>solito</strong></span> <span class='ocrx_word' id='word_1_126' title='bbox 1697 2487 1804 2536; x_wconf 90' lang='lat' dir='ltr'><strong>more</strong></span> 
     </span>
     <span class='ocr_line' id='line_1_15' title="bbox 108 2609 1813 2704; baseline 0 -26"><span class='ocrx_word' id='word_1_127' title='bbox 108 2612 148 2679; x_wconf 92' lang='lat' dir='ltr'><strong>in</strong></span> <span class='ocrx_word' id='word_1_128' title='bbox 182 2609 323 2681; x_wconf 88' lang='lat' dir='ltr'><strong>fistulas</strong></span> <span class='ocrx_word' id='word_1_129' title='bbox 356 2612 604 2685; x_wconf 88' lang='lat' dir='ltr'><strong>convolutum.</strong></span> <span class='ocrx_word' id='word_1_130' title='bbox 641 2613 749 2704; x_wconf 87' lang='lat' dir='ltr'><strong>Quae</strong></span> <span class='ocrx_word' id='word_1_131' title='bbox 784 2614 967 2689; x_wconf 87' lang='lat' dir='ltr'><strong>decuriis</strong></span> <span class='ocrx_word' id='word_1_132' title='bbox 1001 2625 1039 2685; x_wconf 93' lang='lat' dir='ltr'><strong>et</strong></span> <span class='ocrx_word' id='word_1_133' title='bbox 1063 2614 1252 2687; x_wconf 85' lang='lat' dir='ltr'><strong>vermibus</strong></span> <span class='ocrx_word' id='word_1_134' title='bbox 1278 2612 1486 2703; x_wconf 88' lang='lat' dir='ltr'><strong>adduntur,</strong></span> <span class='ocrx_word' id='word_1_135' title='bbox 1522 2610 1710 2681; x_wconf 89' lang='lat' dir='ltr'><strong>Herodoti</strong></span> <span class='ocrx_word' id='word_1_136' title='bbox 1737 2609 1813 2679; x_wconf 86' lang='lat' dir='ltr'><strong>illa.</strong></span> 
     </span>
     <span class='ocr_line' id='line_1_16' title="bbox 107 2756 1806 2855; baseline 0.001 -29"><span class='ocrx_word' id='word_1_137' title='bbox 107 2757 280 2827; x_wconf 86' lang='lat' dir='ltr'><strong>damnata</strong></span> <span class='ocrx_word' id='word_1_138' title='bbox 310 2756 460 2830; x_wconf 89' lang='lat' dir='ltr'><strong>levitate</strong></span> <span class='ocrx_word' id='word_1_139' title='bbox 493 2757 635 2831; x_wconf 88' lang='lat' dir='ltr'><strong>leviora</strong></span> <span class='ocrx_word' id='word_1_140' title='bbox 658 2777 821 2854; x_wconf 88' lang='lat' dir='ltr'><strong>veraque</strong></span> <span class='ocrx_word' id='word_1_141' title='bbox 855 2760 1048 2833; x_wconf 89' lang='lat' dir='ltr'><strong>mendacia</strong></span> <span class='ocrx_word' id='word_1_142' title='bbox 1072 2761 1339 2850; x_wconf 86' lang='lat' dir='ltr'><strong>mercantium,</strong></span> <span class='ocrx_word' id='word_1_143' title='bbox 1366 2759 1430 2855; x_wconf 90' lang='lat' dir='ltr'><strong>qui</strong></span> <span class='ocrx_word' id='word_1_144' title='bbox 1455 2758 1566 2829; x_wconf 89' lang='lat' dir='ltr'><strong>coriis</strong></span> <span class='ocrx_word' id='word_1_145' title='bbox 1592 2757 1640 2828; x_wconf 90' lang='lat' dir='ltr'><strong>ad</strong></span> <span class='ocrx_word' id='word_1_146' title='bbox 1664 2780 1806 2829; x_wconf 87' lang='lat' dir='ltr'><strong>merces</strong></span> 
     </span>
     <span class='ocr_line' id='line_1_17' title="bbox 106 2902 1806 3003; baseline 0.004 -31"><span class='ocrx_word' id='word_1_147' title='bbox 106 2904 348 2976; x_wconf 87' lang='lat' dir='ltr'><strong>involvendas</strong></span> <span class='ocrx_word' id='word_1_148' title='bbox 373 2902 472 2974; x_wconf 87' lang='lat' dir='ltr'><strong>forte</strong></span> <span class='ocrx_word' id='word_1_149' title='bbox 497 2916 762 2978; x_wconf 71' lang='lat' dir='ltr'><strong>merentum-</strong></span> <span class='ocrx_word' id='word_1_150' title='bbox 799 2905 928 2981; x_wconf 85' lang='lat' dir='ltr'><strong>Addit:</strong></span> <span class='ocrx_word' id='word_1_151' title='bbox 965 2908 1172 2978; x_wconf 84' lang='lat' dir='ltr'><strong>Cassiam</strong></span> <span class='ocrx_word' id='word_1_152' title='bbox 1199 2911 1376 3002; x_wconf 84' lang='lat' dir='ltr'><strong>optimam</strong></span> <span class='ocrx_word' id='word_1_153' title='bbox 1400 2931 1626 3003; x_wconf 88' lang='lat' dir='ltr'><strong>purpuream</strong></span> <span class='ocrx_word' id='word_1_154' title='bbox 1656 2931 1733 2979; x_wconf 88' lang='lat' dir='ltr'><strong>esse</strong></span> <span class='ocrx_word' id='word_1_155' title='bbox 1768 2919 1806 2979; x_wconf 90' lang='lat' dir='ltr'><strong>et</strong></span> 
     </span>
     <span class='ocr_line' id='line_1_18' title="bbox 106 3050 1796 3146; baseline 0.004 -26"><span class='ocrx_word' id='word_1_156' title='bbox 106 3050 330 3142; x_wconf 86' lang='lat' dir='ltr'><strong>ferventem,</strong></span> <span class='ocrx_word' id='word_1_157' title='bbox 357 3053 653 3146; x_wconf 89' lang='lat' dir='ltr'><strong>levissimamque</strong></span> <span class='ocrx_word' id='word_1_158' title='bbox 674 3056 837 3145; x_wconf 89' lang='lat' dir='ltr'><strong>pondere</strong></span> <span class='ocrx_word' id='word_1_159' title='bbox 862 3065 899 3124; x_wconf 87' lang='lat' dir='ltr'><strong>et</strong></span> <span class='ocrx_word' id='word_1_160' title='bbox 918 3055 1183 3126; x_wconf 86' lang='lat' dir='ltr'><strong>tenacissimam</strong></span> <span class='ocrx_word' id='word_1_161' title='bbox 1200 3055 1386 3130; x_wconf 77' lang='lat' dir='ltr'><strong>Laetam</strong></span> <span class='ocrx_word' id='word_1_162' title='bbox 1409 3059 1532 3131; x_wconf 91' lang='lat' dir='ltr'><strong>vocari</strong></span> <span class='ocrx_word' id='word_1_163' title='bbox 1553 3057 1713 3127; x_wconf 90' lang='lat' dir='ltr'><strong>barbaro</strong></span> <span class='ocrx_word' id='word_1_164' title='bbox 1728 3081 1796 3126; x_wconf 90' lang='lat' dir='ltr'><strong>no-</strong></span> 
     </span>
     <span class='ocr_line' id='line_1_19' title="bbox 107 3198 1800 3299; baseline 0.002 -28"><span class='ocrx_word' id='word_1_165' title='bbox 107 3202 215 3292; x_wconf 86' lang='lat' dir='ltr'><strong>mine.</strong></span> <span class='ocrx_word' id='word_1_166' title='bbox 269 3198 440 3294; x_wconf 89' lang='lat' dir='ltr'><strong>Optimae</strong></span> <span class='ocrx_word' id='word_1_167' title='bbox 470 3199 631 3292; x_wconf 89' lang='lat' dir='ltr'><strong>pretium</strong></span> <span class='ocrx_word' id='word_1_168' title='bbox 668 3222 747 3270; x_wconf 87' lang='lat' dir='ltr'><strong>esse</strong></span> <span class='ocrx_word' id='word_1_169' title='bbox 780 3200 819 3269; x_wconf 91' lang='lat' dir='ltr'><strong>in</strong></span> <span class='ocrx_word' id='word_1_170' title='bbox 854 3198 977 3271; x_wconf 88' lang='lat' dir='ltr'><strong>libras</strong></span> <span class='ocrx_word' id='word_1_171' title='bbox 1003 3203 1177 3273; x_wconf 89' lang='lat' dir='ltr'><strong>denarios</strong></span> <span class='ocrx_word' id='word_1_172' title='bbox 1201 3206 1464 3299; x_wconf 87' lang='lat' dir='ltr'><strong>quinquaginta</strong></span> <span class='ocrx_word' id='word_1_173' title='bbox 1498 3200 1548 3298; x_wconf 79' lang='lat'><strong>(5</strong></span> <span class='ocrx_word' id='word_1_174' title='bbox 1569 3203 1800 3296; x_wconf 86' lang='lat' dir='ltr'><strong>Thaleros),</strong></span> 
     </span>
     <span class='ocr_line' id='line_1_20' title="bbox 107 3343 769 3440; baseline -0.002 -25"><span class='ocrx_word' id='word_1_175' title='bbox 107 3348 262 3416; x_wconf 90' lang='lat' dir='ltr'><strong>caeteris</strong></span> <span class='ocrx_word' id='word_1_176' title='bbox 289 3350 450 3440; x_wconf 89' lang='lat' dir='ltr'><strong>quinque</strong></span> <span class='ocrx_word' id='word_1_177' title='bbox 476 3343 549 3440; x_wconf 86' lang='lat'><strong>(16</strong></span> <span class='ocrx_word' id='word_1_178' title='bbox 572 3344 769 3426; x_wconf 84' lang='lat' dir='ltr'><strong>Grossos.)</strong></span> 
     </span>
    </p>

    <p class='ocr_par' dir='ltr' id='par_1_6' title="bbox 103 3492 1843 4176">
     <span class='ocr_line' id='line_1_21' title="bbox 204 3492 1801 3594; baseline 0.009 -36"><span class='ocrx_word' id='word_1_179' title='bbox 204 3493 651 3582; x_wconf 89' lang='lat' dir='ltr'><strong>Isocinnamomum‚</strong></span> <span class='ocrx_word' id='word_1_180' title='bbox 691 3513 756 3561; x_wconf 90' lang='lat' dir='ltr'><strong>seu</strong></span> <span class='ocrx_word' id='word_1_181' title='bbox 782 3492 1080 3586; x_wconf 89' lang='lat' dir='ltr'><strong>daphnoiden</strong></span> <span class='ocrx_word' id='word_1_182' title='bbox 1103 3499 1441 3594; x_wconf 80' lang='lat' dir='ltr'><strong>Dioscuridis,</strong></span> <span class='ocrx_word' id='word_1_183' title='bbox 1471 3505 1592 3575; x_wconf 88' lang='lat' dir='ltr'><strong>obiter</strong></span> <span class='ocrx_word' id='word_1_184' title='bbox 1615 3515 1801 3574; x_wconf 89' lang='lat' dir='ltr'><strong>memorat</strong></span> 
     </span>
     <span class='ocr_line' id='line_1_22' title="bbox 106 3638 1843 3746; baseline 0.009 -40"><span class='ocrx_word' id='word_1_185' title='bbox 106 3638 249 3707; x_wconf 88' lang='lat' dir='ltr'><strong>Plinius</strong></span> <span class='ocrx_word' id='word_1_186' title='bbox 273 3640 507 3733; x_wconf 86' lang='lat' dir='ltr'><strong>pretiumque</strong></span> <span class='ocrx_word' id='word_1_187' title='bbox 531 3638 618 3709; x_wconf 88' lang='lat' dir='ltr'><strong>huic</strong></span> <span class='ocrx_word' id='word_1_188' title='bbox 644 3638 776 3711; x_wconf 88' lang='lat' dir='ltr'><strong>tribuit</strong></span> <span class='ocrx_word' id='word_1_189' title='bbox 799 3640 1037 3715; x_wconf 89' lang='lat' dir='ltr'><strong>denariorum</strong></span> <span class='ocrx_word' id='word_1_190' title='bbox 1051 3658 1289 3722; x_wconf 88' lang='lat' dir='ltr'><strong>trecenorum</strong></span> <span class='ocrx_word' id='word_1_191' title='bbox 1313 3648 1380 3746; x_wconf 84' lang='lat'><strong>(50</strong></span> <span class='ocrx_word' id='word_1_192' title='bbox 1405 3650 1802 3746; x_wconf 77' lang='lat' dir='ltr'><strong>&#39;Phalerorunr),quod</strong></span> <span class='ocrx_word' id='word_1_193' title='bbox 1834 3661 1843 3671; x_wconf 83' lang='lat'><strong><em>&#39;</em></strong></span> 
     </span>
     <span class='ocr_line' id='line_1_23' title="bbox 104 3789 1799 3897; baseline 0.009 -40"><span class='ocrx_word' id='word_1_194' title='bbox 104 3810 188 3857; x_wconf 91' lang='lat' dir='ltr'><strong>cum</strong></span> <span class='ocrx_word' id='word_1_195' title='bbox 214 3799 400 3881; x_wconf 86' lang='lat' dir='ltr'><strong>styrace</strong></span> <span class='ocrx_word' id='word_1_196' title='bbox 426 3789 625 3865; x_wconf 86' lang='lat' dir='ltr'><strong>adulterari</strong></span> <span class='ocrx_word' id='word_1_197' title='bbox 653 3805 914 3884; x_wconf 87' lang='lat' dir='ltr'><strong>conqueratur,</strong></span> <span class='ocrx_word' id='word_1_198' title='bbox 943 3810 1047 3870; x_wconf 88' lang='lat' dir='ltr'><strong>certo</strong></span> <span class='ocrx_word' id='word_1_199' title='bbox 1072 3799 1112 3871; x_wconf 87' lang='lat' dir='ltr'><strong>id</strong></span> <span class='ocrx_word' id='word_1_200' title='bbox 1130 3799 1352 3872; x_wconf 90' lang='lat' dir='ltr'><strong>cinnamomi</strong></span> <span class='ocrx_word' id='word_1_201' title='bbox 1371 3802 1501 3874; x_wconf 89' lang='lat' dir='ltr'><strong>cortici</strong></span> <span class='ocrx_word' id='word_1_202' title='bbox 1519 3826 1629 3873; x_wconf 89' lang='lat' dir='ltr'><strong>nemo</strong></span> <span class='ocrx_word' id='word_1_203' title='bbox 1654 3827 1799 3897; x_wconf 84' lang='lat' dir='ltr'><strong>compa-</strong></span> 
     </span>
     <span class='ocr_line' id='line_1_24' title="bbox 107 3932 1797 4047; baseline 0.011 -41"><span class='ocrx_word' id='word_1_204' title='bbox 107 3935 225 4023; x_wconf 87' lang='lat' dir='ltr'><strong>rabit,</strong></span> <span class='ocrx_word' id='word_1_205' title='bbox 253 3935 324 4005; x_wconf 91' lang='lat' dir='ltr'><strong>nisi</strong></span> <span class='ocrx_word' id='word_1_206' title='bbox 349 3936 413 4030; x_wconf 91' lang='lat' dir='ltr'><strong>qui</strong></span> <span class='ocrx_word' id='word_1_207' title='bbox 438 3937 550 4027; x_wconf 90' lang='lat' dir='ltr'><strong>idem,</strong></span> <span class='ocrx_word' id='word_1_208' title='bbox 578 3932 680 4034; x_wconf 79' lang='grc' dir='ltr'><strong><em>ἄχυν</em></strong></span> <span class='ocrx_word' id='word_1_209' title='bbox 705 3939 952 4033; x_wconf 87' lang='lat' dir='ltr'><strong>appellatum,</strong></span> <span class='ocrx_word' id='word_1_210' title='bbox 978 3947 1128 4018; x_wconf 87' lang='lat' dir='ltr'><strong>tertiam</strong></span> <span class='ocrx_word' id='word_1_211' title='bbox 1162 3947 1430 4044; x_wconf 88' lang='lat' dir='ltr'><strong>melioremque</strong></span> <span class='ocrx_word' id='word_1_212' title='bbox 1466 3949 1612 4024; x_wconf 84' lang='lat' dir='ltr'><strong>Cassiae</strong></span> <span class='ocrx_word' id='word_1_213' title='bbox 1636 3953 1797 4047; x_wconf 88' lang='lat' dir='ltr'><strong>speciem</strong></span> 
     </span>
     <span class='ocr_line' id='line_1_25' title="bbox 103 4081 819 4176; baseline 0.006 -25"><span class='ocrx_word' id='word_1_214' title='bbox 103 4081 247 4151; x_wconf 89' lang='lat' dir='ltr'><strong>laudari</strong></span> <span class='ocrx_word' id='word_1_215' title='bbox 278 4103 300 4148; x_wconf 86' lang='lat' dir='ltr'><strong>a</strong></span> <span class='ocrx_word' id='word_1_216' title='bbox 325 4082 568 4176; x_wconf 83' lang='lat' dir='ltr'><strong>Dioscorida,</strong></span> <span class='ocrx_word' id='word_1_217' title='bbox 595 4087 819 4159; x_wconf 89' lang='lat' dir='ltr'><strong>meminerit.</strong></span> 
     </span>
    </p>

    <p class='ocr_par' dir='ltr' id='par_1_7' title="bbox 205 4231 1798 4339">
     <span class='ocr_line' id='line_1_26' title="bbox 205 4231 1798 4339; baseline 0.009 -37"><span class='ocrx_word' id='word_1_218' title='bbox 205 4231 367 4303; x_wconf 88' lang='lat' dir='ltr'><strong>Cassia</strong></span> <span class='ocrx_word' id='word_1_219' title='bbox 392 4233 471 4325; x_wconf 88' lang='lat' dir='ltr'><strong>illa,</strong></span> <span class='ocrx_word' id='word_1_220' title='bbox 503 4258 609 4331; x_wconf 87' lang='lat' dir='ltr'><strong>quae,</strong></span> <span class='ocrx_word' id='word_1_221' title='bbox 636 4242 895 4311; x_wconf 89' lang='lat' dir='ltr'><strong>coronaria</strong></span> <span class='ocrx_word' id='word_1_222' title='bbox 918 4240 1118 4336; x_wconf 76' lang='lat' dir='ltr'><strong>appellata,</strong></span> <span class='ocrx_word' id='word_1_223' title='bbox 1144 4242 1242 4319; x_wconf 88' lang='lat' dir='ltr'><strong>circa</strong></span> <span class='ocrx_word' id='word_1_224' title='bbox 1255 4241 1377 4339; x_wconf 85' lang='lat' dir='ltr'><strong>Apum</strong></span> <span class='ocrx_word' id='word_1_225' title='bbox 1402 4245 1563 4319; x_wconf 85' lang='lat' dir='ltr'><strong>alvearia</strong></span> <span class='ocrx_word' id='word_1_226' title='bbox 1590 4245 1678 4315; x_wconf 90' lang='lat' dir='ltr'><strong>olim</strong></span> <span class='ocrx_word' id='word_1_227' title='bbox 1698 4267 1798 4317; x_wconf 90' lang='lat' dir='ltr'><strong>sere·</strong></span> 
     </span>
    </p>
   </div>
   <div class='ocr_carea' id='block_1_3' title="bbox 103 4379 1795 4487">
    <p class='ocr_par' dir='ltr' id='par_1_8' title="bbox 103 4379 1795 4487">
     <span class='ocr_line' id='line_1_27' title="bbox 103 4379 1795 4487; baseline 0.01 -37"><span class='ocrx_word' id='word_1_228' title='bbox 103 4379 232 4470; x_wconf 88' lang='lat' dir='ltr'><strong>batur,</strong></span> <span class='ocrx_word' id='word_1_229' title='bbox 270 4405 293 4451; x_wconf 90' lang='lat' dir='ltr'><strong>a</strong></span> <span class='ocrx_word' id='word_1_230' title='bbox 326 4405 416 4456; x_wconf 87' lang='lat' dir='ltr'><strong>vera</strong></span> <span class='ocrx_word' id='word_1_231' title='bbox 446 4384 613 4458; x_wconf 72' lang='lat' dir='ltr'><strong>(tassia</strong></span> <span class='ocrx_word' id='word_1_232' title='bbox 645 4388 875 4460; x_wconf 87' lang='lat' dir='ltr'><strong>medicorum</strong></span> <span class='ocrx_word' id='word_1_233' title='bbox 905 4389 1155 4463; x_wconf 88' lang='lat' dir='ltr'><strong>diversissima</strong></span> <span class='ocrx_word' id='word_1_234' title='bbox 1179 4403 1244 4462; x_wconf 92' lang='lat' dir='ltr'><strong>est.</strong></span> <span class='ocrx_word' id='word_1_235' title='bbox 1296 4392 1527 4487; x_wconf 87' lang='lat' dir='ltr'><strong>Daphnen</strong></span> <span class='ocrx_word' id='word_1_236' title='bbox 1555 4394 1795 4467; x_wconf 90' lang='lat' dir='ltr'><strong>Cneorum</strong></span> 
     </span>
    </p>
   </div>
   <div class='ocr_carea' id='block_1_4' title="bbox 102 4527 1794 4781">
    <p class='ocr_par' dir='ltr' id='par_1_9' title="bbox 102 4527 1794 4781">
     <span class='ocr_line' id='line_1_28' title="bbox 103 4527 1794 4633; baseline 0.012 -39"><span class='ocrx_word' id='word_1_237' title='bbox 103 4527 171 4597; x_wconf 91' lang='lat' dir='ltr'><strong>sub</strong></span> <span class='ocrx_word' id='word_1_238' title='bbox 200 4530 270 4599; x_wconf 88' lang='lat' dir='ltr'><strong>ista</strong></span> <span class='ocrx_word' id='word_1_239' title='bbox 301 4531 572 4626; x_wconf 88' lang='lat' dir='ltr'><strong>intelligendam</strong></span> <span class='ocrx_word' id='word_1_240' title='bbox 608 4542 710 4628; x_wconf 84' lang='lat' dir='ltr'><strong>esse,</strong></span> <span class='ocrx_word' id='word_1_241' title='bbox 753 4537 852 4607; x_wconf 87' lang='lat' dir='ltr'><strong>haud</strong></span> <span class='ocrx_word' id='word_1_242' title='bbox 885 4537 990 4609; x_wconf 87' lang='lat' dir='ltr'><strong>vanis</strong></span> <span class='ocrx_word' id='word_1_243' title='bbox 1025 4539 1250 4633; x_wconf 85' lang='lat' dir='ltr'><strong>argumentis</strong></span> <span class='ocrx_word' id='word_1_244' title='bbox 1281 4540 1407 4612; x_wconf 89' lang='lat' dir='ltr'><strong>docuit</strong></span> <span class='ocrx_word' id='word_1_245' title='bbox 1441 4540 1731 4614; x_wconf 88' lang='lat' dir='ltr'><strong>Matthiolns</strong></span> <span class='ocrx_word' id='word_1_246' title='bbox 1755 4546 1794 4614; x_wconf 92' lang='lat' dir='ltr'><strong>in</strong></span> 
     </span>
     <span class='ocr_line' id='line_1_29' title="bbox 102 4662 945 4781; baseline 0.018 -37"><span class='ocrx_word' id='word_1_247' title='bbox 102 4674 360 4752; x_wconf 89' lang='lat' dir='ltr'><strong>Dioscoridem</strong></span> <span class='ocrx_word' id='word_1_248' title='bbox 385 4679 464 4777; x_wconf 89' lang='lat' dir='ltr'><strong>(ed.</strong></span> <span class='ocrx_word' id='word_1_249' title='bbox 490 4682 616 4778; x_wconf 86' lang='lat' dir='ltr'><strong>Valgr.</strong></span> <span class='ocrx_word' id='word_1_250' title='bbox 642 4708 680 4781; x_wconf 91' lang='lat' dir='ltr'><strong>p.</strong></span> <span class='ocrx_word' id='word_1_251' title='bbox 705 4682 795 4779; x_wconf 73' lang='lat'><strong>46.)</strong></span> <span class='ocrx_word' id='word_1_252' title='bbox 938 4662 945 4675; x_wconf 46' lang='grc'>’</span> 
     </span>
    </p>
   </div>
   <div class='ocr_carea' id='block_1_5' title="bbox 202 4822 1788 4932">
    <p class='ocr_par' dir='ltr' id='par_1_10' title="bbox 202 4822 1788 4932">
     <span class='ocr_line' id='line_1_30' title="bbox 202 4822 1788 4932; baseline 0.013 -42"><span class='ocrx_word' id='word_1_253' title='bbox 202 4822 406 4900; x_wconf 86' lang='lat' dir='ltr'><strong>Galenus</strong></span> <span class='ocrx_word' id='word_1_254' title='bbox 426 4825 461 4912; x_wconf 79' lang='grc'><strong>*)</strong></span> <span class='ocrx_word' id='word_1_255' title='bbox 507 4829 700 4903; x_wconf 85' lang='lat' dir='ltr'><strong>Cassiae</strong></span> <span class='ocrx_word' id='word_1_256' title='bbox 743 4832 909 4904; x_wconf 89' lang='lat' dir='ltr'><strong>sublimis</strong></span> <span class='ocrx_word' id='word_1_257' title='bbox 947 4855 1115 4907; x_wconf 88' lang='lat' dir='ltr'><strong>ramosae</strong></span> <span class='ocrx_word' id='word_1_258' title='bbox 1156 4845 1194 4909; x_wconf 90' lang='lat' dir='ltr'><strong>et</strong></span> <span class='ocrx_word' id='word_1_259' title='bbox 1225 4833 1370 4913; x_wconf 85' lang='lat' dir='ltr'><strong>fruticis</strong></span> <span class='ocrx_word' id='word_1_260' title='bbox 1410 4839 1576 4914; x_wconf 89' lang='lat' dir='ltr'><strong>aemulae</strong></span> <span class='ocrx_word' id='word_1_261' title='bbox 1608 4838 1788 4932; x_wconf 89' lang='lat' dir='ltr'><strong>surculos,</strong></span> 
     </span>
    </p>
   </div>
   <div class='ocr_carea' id='block_1_6' title="bbox 108 5024 394 5045">
    <p class='ocr_par' dir='ltr' id='par_1_11' title="bbox 108 5024 394 5045">
     <span class='ocr_line' id='line_1_31' title="bbox 108 5024 394 5045; baseline 0.021 -6"><span class='ocrx_word' id='word_1_262' title='bbox 108 5024 394 5045; x_wconf 40' lang='lat' dir='ltr'><em>m</em></span> 
     </span>
    </p>
   </div>
   <div class='ocr_carea' id='block_1_7' title="bbox 61 5134 505 5229">
    <p class='ocr_par' dir='ltr' id='par_1_12' title="bbox 61 5134 505 5229">
     <span class='ocr_line' id='line_1_32' title="bbox 61 5134 505 5229; baseline 0.016 -31"><span class='ocrx_word' id='word_1_263' title='bbox 61 5134 91 5189; x_wconf 63' lang='lat' dir='ltr'><strong>it·-</strong></span> <span class='ocrx_word' id='word_1_264' title='bbox 142 5135 169 5214; x_wconf 74' lang='lat'><strong>*)</strong></span> <span class='ocrx_word' id='word_1_265' title='bbox 189 5135 239 5199; x_wconf 88' lang='lat' dir='ltr'><strong>Dc</strong></span> <span class='ocrx_word' id='word_1_266' title='bbox 260 5137 378 5201; x_wconf 80' lang='lat' dir='ltr'><strong>Medic.</strong></span> <span class='ocrx_word' id='word_1_267' title='bbox 400 5139 505 5229; x_wconf 84' lang='lat' dir='ltr'><strong>simpl.</strong></span> 
     </span>
    </p>
   </div>
   <div class='ocr_carea' id='block_1_8' title="bbox 0 0 2240 6096">
    <p class='ocr_par' dir='ltr' id='par_1_13' title="bbox 0 0 2240 6096">
     <span class='ocr_line' id='line_1_33' title="bbox 0 0 2240 6096; baseline 0 1"><span class='ocrx_word' id='word_1_268' title='bbox 0 0 2240 6096; x_wconf 95' lang='lat' dir='ltr'><strong> </strong></span> 
     </span>
    </p>
   </div>
  </div>
 </body>
</html>
