<?xml version="1.0" encoding="UTF-8"?>
<!DOCTYPE html PUBLIC "-//W3C//DTD XHTML 1.0 Transitional//EN"
    "http://www.w3.org/TR/xhtml1/DTD/xhtml1-transitional.dtd">
<html xmlns="http://www.w3.org/1999/xhtml" xml:lang="en" lang="en">
 <head>
  <title>
</title>
<meta http-equiv="Content-Type" content="text/html;charset=utf-8" />
  <meta name='ocr-system' content='tesseract 3.04.00' />
  <meta name='ocr-capabilities' content='ocr_page ocr_carea ocr_par ocr_line ocrx_word'/>
</head>
<body>
  <div class='ocr_page' id='page_1' title='image "./decinnamomodisp00esengoog_0014.png"; bbox 0 0 4470 6096; ppageno 0'>
   <div class='ocr_carea' id='block_1_1' title="bbox 453 1849 2230 4360">
    <p class='ocr_par' dir='ltr' id='par_1_1' title="bbox 453 1849 2230 4360">
     <span class='ocr_line' id='line_1_1' title="bbox 527 1849 2227 1984; baseline 0.011 -53"><span class='ocrx_word' id='word_1_1' title='bbox 527 1876 565 1930; x_wconf 82' lang='lat' dir='ltr'><strong>a</strong></span> <span class='ocrx_word' id='word_1_2' title='bbox 593 1849 719 1935; x_wconf 91' lang='lat' dir='ltr'><strong>nobis</strong></span> <span class='ocrx_word' id='word_1_3' title='bbox 739 1874 913 1941; x_wconf 89' lang='lat' dir='ltr'><strong>strenue</strong></span> <span class='ocrx_word' id='word_1_4' title='bbox 941 1859 1193 1984; x_wconf 82' lang='lat' dir='ltr'><strong>castigatae,</strong></span> <span class='ocrx_word' id='word_1_5' title='bbox 1221 1865 1326 1949; x_wconf 89' lang='lat' dir='ltr'><strong>viris</strong></span> <span class='ocrx_word' id='word_1_6' title='bbox 1357 1864 1496 1952; x_wconf 88' lang='lat' dir='ltr'><strong>doctis</strong></span> <span class='ocrx_word' id='word_1_7' title='bbox 1529 1865 1945 1984; x_wconf 74' lang='lat' dir='ltr'><strong>commendentur),</strong></span> <span class='ocrx_word' id='word_1_8' title='bbox 1979 1865 2056 1951; x_wconf 89' lang='lat' dir='ltr'><strong>hos</strong></span> <span class='ocrx_word' id='word_1_9' title='bbox 2078 1897 2227 1953; x_wconf 90' lang='lat' dir='ltr'><strong>omnes</strong></span> 
     </span>
     <span class='ocr_line' id='line_1_2' title="bbox 540 1997 2227 2127; baseline 0.011 -55"><span class='ocrx_word' id='word_1_10' title='bbox 540 1997 839 2080; x_wconf 80' lang='lat' dir='ltr'>consecraturi</span> <span class='ocrx_word' id='word_1_11' title='bbox 889 2028 1037 2082; x_wconf 92' lang='lat' dir='ltr'><strong>sumus</strong></span> <span class='ocrx_word' id='word_1_12' title='bbox 1084 2026 1227 2114; x_wconf 81' lang='lat' dir='ltr'><strong>gratae</strong></span> <span class='ocrx_word' id='word_1_13' title='bbox 1270 2011 1526 2096; x_wconf 77' lang='lat' dir='ltr'><strong>memoriae·</strong></span> <span class='ocrx_word' id='word_1_14' title='bbox 1556 2011 1766 2117; x_wconf 90' lang='lat' dir='ltr'><strong>Illorum,</strong></span> <span class='ocrx_word' id='word_1_15' title='bbox 1814 2012 1892 2127; x_wconf 88' lang='lat' dir='ltr'><strong>qui</strong></span> <span class='ocrx_word' id='word_1_16' title='bbox 1933 2032 2028 2123; x_wconf 90' lang='lat' dir='ltr'><strong>post</strong></span> <span class='ocrx_word' id='word_1_17' title='bbox 2065 2008 2227 2092; x_wconf 80' lang='lat' dir='ltr'><strong>Racrs</strong></span> 
     </span>
     <span class='ocr_line' id='line_1_3' title="bbox 540 2136 2227 2263; baseline 0.011 -50"><span class='ocrx_word' id='word_1_18' title='bbox 540 2162 930 2220; x_wconf 80' lang='lat' dir='ltr'><strong>roranrrssrrur</strong></span> <span class='ocrx_word' id='word_1_19' title='bbox 969 2136 1218 2247; x_wconf 85' lang='lat' dir='ltr'><strong>beneficia,</strong></span> <span class='ocrx_word' id='word_1_20' title='bbox 1263 2138 1338 2232; x_wconf 85' lang='lat' dir='ltr'><strong>Te</strong></span> <span class='ocrx_word' id='word_1_21' title='bbox 1373 2173 1518 2235; x_wconf 88' lang='lat' dir='ltr'><strong>autern</strong></span> <span class='ocrx_word' id='word_1_22' title='bbox 1557 2149 1669 2236; x_wconf 89' lang='lat' dir='ltr'><strong>duce</strong></span> <span class='ocrx_word' id='word_1_23' title='bbox 1702 2174 1747 2253; x_wconf 89' lang='lat' dir='ltr'><strong>et</strong></span> <span class='ocrx_word' id='word_1_24' title='bbox 1775 2150 2001 2263; x_wconf 85' lang='lat' dir='ltr'><strong>exemplo,</strong></span> <span class='ocrx_word' id='word_1_25' title='bbox 2049 2149 2227 2234; x_wconf 88' lang='lat' dir='ltr'><strong>hortum</strong></span> 
     </span>
     <span class='ocr_line' id='line_1_4' title="bbox 538 2269 2228 2405; baseline 0.011 -53"><span class='ocrx_word' id='word_1_26' title='bbox 538 2269 765 2358; x_wconf 89' lang='lat' dir='ltr'><strong>medicum</strong></span> <span class='ocrx_word' id='word_1_27' title='bbox 800 2274 1076 2364; x_wconf 89' lang='lat' dir='ltr'><strong>Bonnensem</strong></span> <span class='ocrx_word' id='word_1_28' title='bbox 1123 2279 1228 2369; x_wconf 90' lang='lat' dir='ltr'><strong>inde</strong></span> <span class='ocrx_word' id='word_1_29' title='bbox 1269 2315 1293 2369; x_wconf 90' lang='lat' dir='ltr'><strong>a</strong></span> <span class='ocrx_word' id='word_1_30' title='bbox 1331 2291 1486 2402; x_wconf 91' lang='lat' dir='ltr'><strong>primis</strong></span> <span class='ocrx_word' id='word_1_31' title='bbox 1525 2291 1619 2377; x_wconf 90' lang='lat' dir='ltr'><strong>eius</strong></span> <span class='ocrx_word' id='word_1_32' title='bbox 1659 2289 1929 2405; x_wconf 80' lang='lat' dir='ltr'><strong>temporibus</strong></span> <span class='ocrx_word' id='word_1_33' title='bbox 1972 2311 2059 2373; x_wconf 91' lang='lat' dir='ltr'><strong>tam</strong></span> <span class='ocrx_word' id='word_1_34' title='bbox 2098 2289 2228 2399; x_wconf 86' lang='lat' dir='ltr'><strong>largis</strong></span> 
     </span>
     <span class='ocr_line' id='line_1_5' title="bbox 499 2408 2228 2545; baseline 0.01 -50"><span class='ocrx_word' id='word_1_35' title='bbox 499 2505 502 2509; x_wconf 41' lang='grc'>,</span> <span class='ocrx_word' id='word_1_36' title='bbox 537 2411 665 2496; x_wconf 89' lang='lat' dir='ltr'><strong>donis</strong></span> <span class='ocrx_word' id='word_1_37' title='bbox 697 2408 971 2522; x_wconf 85' lang='lat' dir='ltr'><strong>ditaverunt,</strong></span> <span class='ocrx_word' id='word_1_38' title='bbox 1017 2446 1066 2505; x_wconf 89' lang='lat' dir='ltr'><strong>ut</strong></span> <span class='ocrx_word' id='word_1_39' title='bbox 1099 2452 1321 2510; x_wconf 90' lang='lat' dir='ltr'><strong>summum</strong></span> <span class='ocrx_word' id='word_1_40' title='bbox 1349 2430 1556 2515; x_wconf 88' lang='lat' dir='ltr'><strong>scientiae</strong></span> <span class='ocrx_word' id='word_1_41' title='bbox 1564 2493 1582 2531; x_wconf 91' lang='lat'><em>,</em></span> <span class='ocrx_word' id='word_1_42' title='bbox 1620 2429 1738 2545; x_wconf 87' lang='lat' dir='ltr'><strong>apud</strong></span> <span class='ocrx_word' id='word_1_43' title='bbox 1770 2459 1847 2516; x_wconf 91' lang='lat' dir='ltr'><strong>nos</strong></span> <span class='ocrx_word' id='word_1_44' title='bbox 1868 2427 2126 2543; x_wconf 83' lang='lat' dir='ltr'><strong>augendae,</strong></span> <span class='ocrx_word' id='word_1_45' title='bbox 2161 2458 2228 2513; x_wconf 89' lang='lat' dir='ltr'><strong>ar·</strong></span> 
     </span>
     <span class='ocr_line' id='line_1_6' title="bbox 517 2553 2141 2686; baseline 0.01 -49"><span class='ocrx_word' id='word_1_46' title='bbox 517 2553 696 2642; x_wconf 83' lang='lat' dir='ltr'><strong>dorem</strong></span> <span class='ocrx_word' id='word_1_47' title='bbox 723 2559 1079 2673; x_wconf 89' lang='lat' dir='ltr'><strong>splendidissimo</strong></span> <span class='ocrx_word' id='word_1_48' title='bbox 1111 2566 1193 2650; x_wconf 90' lang='lat' dir='ltr'><strong>isto</strong></span> <span class='ocrx_word' id='word_1_49' title='bbox 1219 2568 1420 2682; x_wconf 85' lang='lat' dir='ltr'><strong>exemplo</strong></span> <span class='ocrx_word' id='word_1_50' title='bbox 1438 2574 1606 2684; x_wconf 87' lang='lat' dir='ltr'><strong>optime</strong></span> <span class='ocrx_word' id='word_1_51' title='bbox 1632 2562 1984 2686; x_wconf 81' lang='lat' dir='ltr'><strong>comprobarent.</strong></span> <span class='ocrx_word' id='word_1_52' title='bbox 2133 2669 2141 2683; x_wconf 23' lang='grc' dir='ltr'><strong>θ</strong></span> 
     </span>
     <span class='ocr_line' id='line_1_7' title="bbox 654 2698 2228 2812; baseline 0.008 -30"><span class='ocrx_word' id='word_1_53' title='bbox 654 2700 856 2812; x_wconf 84' lang='lat' dir='ltr'><strong>Longum</strong></span> <span class='ocrx_word' id='word_1_54' title='bbox 878 2698 965 2803; x_wconf 76' lang='lat' dir='ltr'><strong>est&#39;,</strong></span> <span class='ocrx_word' id='word_1_55' title='bbox 997 2735 1222 2793; x_wconf 89' lang='lat' dir='ltr'><strong>recensere</strong></span> <span class='ocrx_word' id='word_1_56' title='bbox 1245 2708 1488 2795; x_wconf 86' lang='lat' dir='ltr'><strong>Fautorum</strong></span> <span class='ocrx_word' id='word_1_57' title='bbox 1510 2733 1553 2793; x_wconf 89' lang='lat' dir='ltr'><strong>et</strong></span> <span class='ocrx_word' id='word_1_58' title='bbox 1571 2709 1910 2796; x_wconf 88' lang='lat' dir='ltr'><strong>Benesactorum</strong></span> <span class='ocrx_word' id='word_1_59' title='bbox 1931 2710 2126 2811; x_wconf 86' lang='lat' dir='ltr'><strong>nomina,</strong></span> <span class='ocrx_word' id='word_1_60' title='bbox 2150 2711 2228 2794; x_wconf 92' lang='lat' dir='ltr'><strong>sed</strong></span> 
     </span>
     <span class='ocr_line' id='line_1_8' title="bbox 538 2842 2229 2953; baseline 0.003 -30"><span class='ocrx_word' id='word_1_61' title='bbox 538 2843 606 2923; x_wconf 85' lang='lat' dir='ltr'><strong>vix</strong></span> <span class='ocrx_word' id='word_1_62' title='bbox 639 2863 783 2937; x_wconf 86' lang='lat' dir='ltr'><strong>tamen</strong></span> <span class='ocrx_word' id='word_1_63' title='bbox 810 2842 1055 2930; x_wconf 88' lang='lat' dir='ltr'><strong>vehementi</strong></span> <span class='ocrx_word' id='word_1_64' title='bbox 1087 2871 1236 2932; x_wconf 88' lang='lat' dir='ltr'><strong>nostro</strong></span> <span class='ocrx_word' id='word_1_65' title='bbox 1263 2846 1487 2934; x_wconf 91' lang='lat' dir='ltr'><strong>desiderio</strong></span> <span class='ocrx_word' id='word_1_66' title='bbox 1518 2849 1882 2953; x_wconf 88' lang='lat' dir='ltr'><strong>moderabamur‚</strong></span> <span class='ocrx_word' id='word_1_67' title='bbox 1913 2879 2012 2932; x_wconf 87' lang='lat' dir='ltr'><strong>curn</strong></span> <span class='ocrx_word' id='word_1_68' title='bbox 2041 2850 2229 2930; x_wconf 81' lang='lat' dir='ltr'><strong>maxima</strong></span> 
     </span>
     <span class='ocr_line' id='line_1_9' title="bbox 536 2979 2230 3105; baseline 0.003 -42"><span class='ocrx_word' id='word_1_69' title='bbox 536 3009 636 3093; x_wconf 85' lang='lat' dir='ltr'><strong>pars</strong></span> <span class='ocrx_word' id='word_1_70' title='bbox 658 2979 911 3067; x_wconf 84' lang='lat' dir='ltr'><strong>referendae</strong></span> <span class='ocrx_word' id='word_1_71' title='bbox 939 2987 1101 3095; x_wconf 85' lang='lat' dir='ltr'><strong>gratiae</strong></span> <span class='ocrx_word' id='word_1_72' title='bbox 1123 2987 1167 3068; x_wconf 93' lang='lat' dir='ltr'><strong>in</strong></span> <span class='ocrx_word' id='word_1_73' title='bbox 1185 3015 1237 3070; x_wconf 93' lang='lat' dir='ltr'><strong>eo</strong></span> <span class='ocrx_word' id='word_1_74' title='bbox 1260 2987 1387 3069; x_wconf 88' lang='lat' dir='ltr'><strong>nobis</strong></span> <span class='ocrx_word' id='word_1_75' title='bbox 1404 2992 1545 3099; x_wconf 86' lang='lat' dir='ltr'><strong>posita</strong></span> <span class='ocrx_word' id='word_1_76' title='bbox 1567 3020 1658 3105; x_wconf 76' lang='lat' dir='ltr'><strong>esse</strong></span> <span class='ocrx_word' id='word_1_77' title='bbox 1674 2989 1916 3091; x_wconf 85' lang='lat' dir='ltr'><strong>videretur,</strong></span> <span class='ocrx_word' id='word_1_78' title='bbox 1939 2987 2063 3105; x_wconf 92' lang='lat' dir='ltr'><strong>quod</strong></span> <span class='ocrx_word' id='word_1_79' title='bbox 2081 3016 2230 3069; x_wconf 89' lang='lat' dir='ltr'><strong>coram</strong></span> 
     </span>
     <span class='ocr_line' id='line_1_10' title="bbox 537 3120 2230 3239; baseline 0.002 -37"><span class='ocrx_word' id='word_1_80' title='bbox 537 3120 601 3203; x_wconf 92' lang='lat' dir='ltr'><strong>Te</strong></span> <span class='ocrx_word' id='word_1_81' title='bbox 623 3123 858 3205; x_wconf 88' lang='lat' dir='ltr'><strong>enunciato</strong></span> <span class='ocrx_word' id='word_1_82' title='bbox 885 3127 1063 3205; x_wconf 90' lang='lat' dir='ltr'><strong>nomine</strong></span> <span class='ocrx_word' id='word_1_83' title='bbox 1091 3144 1135 3205; x_wconf 86' lang='lat' dir='ltr'><strong>et</strong></span> <span class='ocrx_word' id='word_1_84' title='bbox 1164 3125 1350 3226; x_wconf 90' lang='lat' dir='ltr'><strong>merito,</strong></span> <span class='ocrx_word' id='word_1_85' title='bbox 1392 3151 1547 3206; x_wconf 87' lang='lat' dir='ltr'><strong>sereno</strong></span> <span class='ocrx_word' id='word_1_86' title='bbox 1573 3130 1699 3206; x_wconf 85' lang='lat' dir='ltr'><strong>vultu</strong></span> <span class='ocrx_word' id='word_1_87' title='bbox 1727 3121 1905 3239; x_wconf 61' lang='lat' dir='ltr'><strong>fortasse</strong></span> <span class='ocrx_word' id='word_1_88' title='bbox 1944 3154 2230 3237; x_wconf 87' lang='lat' dir='ltr'><strong>responsurus</strong></span> 
     </span>
     <span class='ocr_line' id='line_1_11' title="bbox 538 3242 2228 3373; baseline 0.003 -32"><span class='ocrx_word' id='word_1_89' title='bbox 538 3251 714 3344; x_wconf 86' lang='lat' dir='ltr'><strong>luisses:</strong></span> <span class='ocrx_word' id='word_1_90' title='bbox 746 3260 945 3373; x_wconf 86' lang='lat' dir='ltr'><strong>placet!</strong></span> <span class='ocrx_word' id='word_1_91' title='bbox 986 3260 1126 3346; x_wconf 89' lang='lat' dir='ltr'><strong>Nimis</strong></span> <span class='ocrx_word' id='word_1_92' title='bbox 1157 3275 1304 3346; x_wconf 87' lang='lat' dir='ltr'><strong>autem</strong></span> <span class='ocrx_word' id='word_1_93' title='bbox 1333 3261 1518 3344; x_wconf 88' lang='lat' dir='ltr'><strong>increvit</strong></span> <span class='ocrx_word' id='word_1_94' title='bbox 1540 3242 1947 3368; x_wconf 52' lang='lat' dir='ltr'><strong>nominums&#39;series3</strong></span> <span class='ocrx_word' id='word_1_95' title='bbox 1976 3293 2065 3345; x_wconf 90' lang='lat' dir='ltr'><strong>non</strong></span> <span class='ocrx_word' id='word_1_96' title='bbox 2085 3262 2228 3346; x_wconf 89' lang='lat' dir='ltr'><strong>solum</strong></span> 
     </span>
     <span class='ocr_line' id='line_1_12' title="bbox 538 3389 2229 3519; baseline 0 -33"><span class='ocrx_word' id='word_1_97' title='bbox 538 3405 656 3486; x_wconf 89' lang='lat' dir='ltr'><strong>enim</strong></span> <span class='ocrx_word' id='word_1_98' title='bbox 681 3402 759 3519; x_wconf 91' lang='lat' dir='ltr'><strong>qni</strong></span> <span class='ocrx_word' id='word_1_99' title='bbox 787 3400 875 3485; x_wconf 88' lang='lat' dir='ltr'><strong>Tui</strong></span> <span class='ocrx_word' id='word_1_100' title='bbox 899 3401 1131 3515; x_wconf 89' lang='lat' dir='ltr'><strong>reputandi</strong></span> <span class='ocrx_word' id='word_1_101' title='bbox 1156 3422 1257 3484; x_wconf 86' lang='lat' dir='ltr'><strong>sunt</strong></span> <span class='ocrx_word' id='word_1_102' title='bbox 1282 3389 1339 3483; x_wconf 88' lang='lat' dir='ltr'><strong>ad</strong></span> <span class='ocrx_word' id='word_1_103' title='bbox 1363 3429 1502 3482; x_wconf 90' lang='lat' dir='ltr'><strong>unum</strong></span> <span class='ocrx_word' id='word_1_104' title='bbox 1529 3429 1705 3503; x_wconf 83' lang='lat' dir='ltr'><strong>omnes,</strong></span> <span class='ocrx_word' id='word_1_105' title='bbox 1739 3431 1891 3486; x_wconf 90' lang='lat' dir='ltr'><strong>verum</strong></span> <span class='ocrx_word' id='word_1_106' title='bbox 1922 3404 2052 3487; x_wconf 87' lang='lat' dir='ltr'><strong>etiarn</strong></span> <span class='ocrx_word' id='word_1_107' title='bbox 2079 3433 2229 3487; x_wconf 90' lang='lat' dir='ltr'><strong>omnes</strong></span> 
     </span>
     <span class='ocr_line' id='line_1_13' title="bbox 453 3538 2228 3659; baseline -0.004 -26"><span class='ocrx_word' id='word_1_108' title='bbox 453 3620 462 3633; x_wconf 91' lang='lat'><em>.</em></span> <span class='ocrx_word' id='word_1_109' title='bbox 511 3542 774 3645; x_wconf 74' lang='lat' dir='ltr'><strong>Germani,</strong></span> <span class='ocrx_word' id='word_1_110' title='bbox 818 3545 896 3659; x_wconf 91' lang='lat' dir='ltr'><strong>qui</strong></span> <span class='ocrx_word' id='word_1_111' title='bbox 934 3541 1094 3656; x_wconf 85' lang='lat' dir='ltr'><strong>plantis</strong></span> <span class='ocrx_word' id='word_1_112' title='bbox 1131 3539 1329 3640; x_wconf 82' lang='lat' dir='ltr'><strong>student,</strong></span> <span class='ocrx_word' id='word_1_113' title='bbox 1382 3559 1632 3622; x_wconf 83' lang='lat' dir='ltr'><strong>exterorum</strong></span> <span class='ocrx_word' id='word_1_114' title='bbox 1663 3538 1866 3654; x_wconf 89' lang='lat' dir='ltr'><strong>plerique</strong></span> <span class='ocrx_word' id='word_1_115' title='bbox 1898 3542 2228 3655; x_wconf 78' lang='lat' dir='ltr'><strong>gravissimique</strong></span> 
     </span>
     <span class='ocr_line' id='line_1_14' title="bbox 536 3673 2227 3799; baseline -0.002 -34"><span class='ocrx_word' id='word_1_116' title='bbox 536 3685 646 3782; x_wconf 82' lang='lat' dir='ltr'><strong>riri,</strong></span> <span class='ocrx_word' id='word_1_117' title='bbox 684 3684 849 3796; x_wconf 86' lang='lat' dir='ltr'><strong>optima</strong></span> <span class='ocrx_word' id='word_1_118' title='bbox 879 3711 1082 3799; x_wconf 75' lang='lat' dir='ltr'><strong>quaeque</strong></span> <span class='ocrx_word' id='word_1_119' title='bbox 1114 3681 1163 3764; x_wconf 93' lang='lat' dir='ltr'><strong>in</strong></span> <span class='ocrx_word' id='word_1_120' title='bbox 1190 3707 1443 3764; x_wconf 89' lang='lat' dir='ltr'><strong>communes</strong></span> <span class='ocrx_word' id='word_1_121' title='bbox 1468 3707 1570 3763; x_wconf 86' lang='lat' dir='ltr'><strong>usus</strong></span> <span class='ocrx_word' id='word_1_122' title='bbox 1596 3673 1851 3785; x_wconf 79' lang='lat' dir='ltr'><strong>contulere3</strong></span> <span class='ocrx_word' id='word_1_123' title='bbox 1892 3712 2003 3796; x_wconf 92' lang='lat' dir='ltr'><strong>quos</strong></span> <span class='ocrx_word' id='word_1_124' title='bbox 2031 3703 2227 3782; x_wconf 87' lang='lat' dir='ltr'><strong>cunctos,</strong></span> 
     </span>
     <span class='ocr_line' id='line_1_15' title="bbox 537 3817 2227 3928; baseline -0.002 -19"><span class='ocrx_word' id='word_1_125' title='bbox 537 3823 633 3909; x_wconf 90' lang='lat' dir='ltr'><strong>Deo</strong></span> <span class='ocrx_word' id='word_1_126' title='bbox 678 3820 874 3928; x_wconf 82' lang='lat' dir='ltr'><strong>favente,</strong></span> <span class='ocrx_word' id='word_1_127' title='bbox 921 3842 1162 3906; x_wconf 88' lang='lat' dir='ltr'><strong>crescentes</strong></span> <span class='ocrx_word' id='word_1_128' title='bbox 1202 3841 1289 3902; x_wconf 87' lang='lat' dir='ltr'><strong>una</strong></span> <span class='ocrx_word' id='word_1_129' title='bbox 1332 3847 1433 3904; x_wconf 91' lang='lat' dir='ltr'><strong>cum</strong></span> <span class='ocrx_word' id='word_1_130' title='bbox 1483 3817 1612 3907; x_wconf 87' lang='lat' dir='ltr'><strong>horto</strong></span> <span class='ocrx_word' id='word_1_131' title='bbox 1652 3818 1850 3906; x_wconf 86' lang='lat' dir='ltr'><strong>fasciculi</strong></span> <span class='ocrx_word' id='word_1_132' title='bbox 1896 3822 2034 3921; x_wconf 85' lang='lat' dir='ltr'><strong>nostri</strong></span> <span class='ocrx_word' id='word_1_133' title='bbox 2055 3818 2227 3906; x_wconf 77' lang='lat' dir='ltr'><strong>⁴ordine</strong></span> 
     </span>
     <span class='ocr_line' id='line_1_16' title="bbox 536 3938 1083 4048; baseline -0.005 -1"><span class='ocrx_word' id='word_1_134' title='bbox 536 3994 616 4048; x_wconf 91' lang='lat' dir='ltr'><strong>suo</strong></span> <span class='ocrx_word' id='word_1_135' title='bbox 648 3938 775 4048; x_wconf 92' lang='lat' dir='ltr'><strong>Tibi</strong></span> <span class='ocrx_word' id='word_1_136' title='bbox 810 3958 1083 4047; x_wconf 88' lang='lat' dir='ltr'><strong>indicabunt.</strong></span> 
     </span>
     <span class='ocr_line' id='line_1_17' title="bbox 655 4099 2230 4221; baseline -0.005 -30"><span class='ocrx_word' id='word_1_137' title='bbox 655 4104 726 4191; x_wconf 86' lang='lat' dir='ltr'><strong>Tu</strong></span> <span class='ocrx_word' id='word_1_138' title='bbox 767 4125 938 4205; x_wconf 89' lang='lat' dir='ltr'><strong>autem,</strong></span> <span class='ocrx_word' id='word_1_139' title='bbox 984 4103 1079 4190; x_wconf 90' lang='lat' dir='ltr'><strong>Vir</strong></span> <span class='ocrx_word' id='word_1_140' title='bbox 1126 4099 1542 4203; x_wconf 86' lang='lat' dir='ltr'><strong>illustrissime,</strong></span> <span class='ocrx_word' id='word_1_141' title='bbox 1593 4103 1689 4187; x_wconf 88' lang='lat' dir='ltr'><strong>vale</strong></span> <span class='ocrx_word' id='word_1_142' title='bbox 1726 4124 1964 4221; x_wconf 87' lang='lat' dir='ltr'><strong>nostroque</strong></span> <span class='ocrx_word' id='word_1_143' title='bbox 2010 4103 2230 4216; x_wconf 77' lang='lat' dir='ltr'><strong>propitius</strong></span> 
     </span>
     <span class='ocr_line' id='line_1_18' title="bbox 499 4244 992 4360; baseline -0.014 -27"><span class='ocrx_word' id='word_1_144' title='bbox 499 4259 505 4270; x_wconf 85' lang='lat'>&#39;</span> <span class='ocrx_word' id='word_1_145' title='bbox 539 4246 681 4360; x_wconf 77' lang='lat' dir='ltr'><strong>aspira</strong></span> <span class='ocrx_word' id='word_1_146' title='bbox 713 4244 876 4331; x_wconf 81' lang='lat' dir='ltr'><strong>labori!</strong></span> <span class='ocrx_word' id='word_1_147' title='bbox 984 4267 992 4280; x_wconf 90' lang='lat'>·</span> 
     </span>
    </p>
   </div>
   <div class='ocr_carea' id='block_1_2' title="bbox 433 4370 1830 4520">
    <p class='ocr_par' dir='ltr' id='par_1_2' title="bbox 433 4370 1830 4520">
     <span class='ocr_line' id='line_1_19' title="bbox 433 4370 1830 4520; baseline -0.004 -47"><span class='ocrx_word' id='word_1_148' title='bbox 433 4370 437 4376; x_wconf 32' lang='lat'><strong>⁴</strong></span> <span class='ocrx_word' id='word_1_149' title='bbox 518 4414 546 4463; x_wconf 70' lang='lat' dir='ltr'><strong>r</strong></span> <span class='ocrx_word' id='word_1_150' title='bbox 660 4383 965 4474; x_wconf 86' lang='lat' dir='ltr'><strong>Scribebamus</strong></span> <span class='ocrx_word' id='word_1_151' title='bbox 996 4379 1205 4470; x_wconf 85' lang='lat' dir='ltr'><strong>Calendis</strong></span> <span class='ocrx_word' id='word_1_152' title='bbox 1236 4380 1326 4466; x_wconf 87' lang='lat' dir='ltr'><strong>lan.</strong></span> <span class='ocrx_word' id='word_1_153' title='bbox 1353 4378 1733 4470; x_wconf 80' lang='lat' dir='ltr'>MDCCCXXIII.</span> <span class='ocrx_word' id='word_1_154' title='bbox 1828 4517 1830 4520; x_wconf 5' lang='lat' dir='ltr'>y</span> 
     </span>
    </p>
   </div>
   <div class='ocr_carea' id='block_1_3' title="bbox 1178 4785 1864 4913">
    <p class='ocr_par' dir='ltr' id='par_1_3' title="bbox 1178 4785 1864 4913">
     <span class='ocr_line' id='line_1_20' title="bbox 1178 4785 1864 4913; baseline 0.001 -79"><span class='ocrx_word' id='word_1_155' title='bbox 1178 4785 1635 4836; x_wconf 50' lang='lat' dir='ltr'><strong>w&gt;</strong></span> <span class='ocrx_word' id='word_1_156' title='bbox 1807 4824 1864 4913; x_wconf 39' lang='lat' dir='ltr'><em>w</em></span> 
     </span>
    </p>
   </div>
   <div class='ocr_carea' id='block_1_4' title="bbox 1738 5030 1829 5185">
    <p class='ocr_par' dir='ltr' id='par_1_4' title="bbox 1738 5030 1829 5185">
     <span class='ocr_line' id='line_1_21' title="bbox 1738 5030 1829 5185; baseline 0 -108"><span class='ocrx_word' id='word_1_157' title='bbox 1738 5030 1829 5185; x_wconf 35' lang='grc' dir='ltr'>ξ</span> 
     </span>
    </p>
   </div>
   <div class='ocr_carea' id='block_1_5' title="bbox 33 5203 36 5746">
    <p class='ocr_par' dir='ltr' id='par_1_5' title="bbox 33 5203 36 5746">
     <span class='ocr_line' id='line_1_22' title="bbox 33 5203 36 5746; baseline 0 0"><span class='ocrx_word' id='word_1_158' title='bbox 33 5203 36 5746; x_wconf 95' lang='lat' dir='ltr'><strong> </strong></span> 
     </span>
    </p>
   </div>
   <div class='ocr_carea' id='block_1_6' title="bbox 0 0 2240 6096">
    <p class='ocr_par' dir='ltr' id='par_1_6' title="bbox 0 0 2240 6096">
     <span class='ocr_line' id='line_1_23' title="bbox 0 0 2240 6096; baseline 0 1"><span class='ocrx_word' id='word_1_159' title='bbox 0 0 2240 6096; x_wconf 95' lang='lat' dir='ltr'><strong> </strong></span> 
     </span>
    </p>
   </div>
  </div>
 </body>
</html>
