4470 6096
359 432 485 539 ,rr

426 663 470 733 L.
505 660 738 755 Cassiam,
774 659 866 733 folia
899 661 1115 758 insipida,
1135 675 1342 759 gerentem,
1375 670 1414 739 in
1441 637 1622 764 Zeyloniax
1646 673 1765 744 insula
1791 675 1884 768 coli,
1918 676 2116 780 affirmant.
2139 652 2150 682 ⁵

355 840 359 847 ¹
424 809 552 906 (Conf.
578 809 834 883 Leschenault
848 812 894 883 de
907 811 948 882 la
968 810 1071 882 Tour
1085 811 1124 880 in
1138 810 1345 883 Meinoires
1360 815 1412 884 du
1428 815 1603 901 Mueeum
1618 820 1760 891 d'Hr'st.
1776 837 1861 899 nat.
1902 825 1987 897 Vol.
2007 810 2120 901 vllt.
2151 834 2154 838 ’

422 967 460 1027 et
478 957 641 1053 Froriep
664 958 828 1029 Nortzen
849 981 920 1031 aus
944 958 1029 1029 dem
1059 957 1190 1030 Gebiet
1213 960 1250 1029 d.
1276 941 1439 1034 Nectar-⁴
1457 924 1494 1034 d.
1520 965 1744 1039 Heilkunde.
1776 975 1881 1041 1822.
1906 973 1976 1078 No.
1989 973 2116 1121 >59..ss

1182 1193 1232 1290 .t.
1280 1204 1343 1274 22.

832 1391 887 1453 De
916 1390 1176 1454 Cinnamomi
1205 1384 1544 1478 praestantioris
1574 1396 1699 1461 notis.

520 1585 706 1675 Aromatis
727 1604 845 1674 nostri
863 1605 1138 1698 praestantioris
1154 1615 1263 1678 notae
1281 1630 1302 1675 a
1320 1605 1535 1678 Marshallio
1553 1617 1744 1701 sequentes
1758 1609 1975 1681 traduntur:
2000 1621 2113 1687 tenne

370 1789 375 1798 ·
422 1752 482 1842 sit,
502 1751 620 1848 laege,
641 1749 775 1823 coloris
790 1751 904 1821 diluto
917 1751 1159 1844 flavescentia,
1179 1757 1227 1824 ad
1235 1738 1406 1828 'colorem
1420 1756 1502 1826 auri
1513 1755 1647 1827 Veneti
1663 1757 1893 1850 accedentis,
1920 1769 2031 1828 tenax
2047 1759 2111 1828 in·

421 1903 592 1975 venietur
609 1900 842 2024 fractumque
855 1900 1026 1976 fibrosam
1043 1905 1210 1976 ostendat
1222 1915 1462 1996 structuram,
1486 1907 1626 1998 seponis
1638 1907 1685 1976 sit
1696 1907 1793 1998 grati
1808 1906 1997 1977 aromatici
2014 1907 2111 1977 cale-

420 2049 589 2122 facientis
612 2075 697 2122 cum
720 2020 913 2122 dulcedine
931 2051 1052 2143 mixti,
1082 2064 1120 2122 et
1144 2050 1341 2174 frustulum
1362 2053 1460 2122 inter
1484 2053 1775 2177 manducandum
1802 2053 1978 2127 mollefiat
2001 2065 2110 2148 atque

417 2202 458 2272 in
493 2224 558 2272 ore
584 2202 687 2295 quasi
712 2201 948 2294 deliquescat.
974 2240 1026 2256 -
1074 2199 1208 2292 Magna
1233 2165 1333 2269 inter
1363 2201 1585 2272 cinnamomi
1617 2202 1719 2274 varia
1752 2222 1889 2309 gpnera
1912 2202 2112 2272 intercedit
2158 2306 2161 2311 ³

421 2350 543 2444 quoad
566 2350 767 2420 bonitatem
794 2350 999 2436 diversitas,
1029 2368 1143 2441 eaque
1169 2356 1247 2416 tum
1274 2371 1297 2415 a
1321 2348 1518 2441 colligendi
1544 2363 1581 2420 et
1607 2352 1853 2445 praeparandi
1878 2353 1978 2425 varia
1996 2352 2110 2461 ratio
2148 2398 2152 2403 -

417 2531 479 2594 ne,
515 2513 627 2596 prout
652 2513 714 2569 aut
740 2510 955 2597 tempestate
982 2500 1076 2567 sicca
1103 2507 1167 2565 aut
1192 2495 1358 2586 pluviosa
1384 2466 1510 2569 messis
1536 2499 1614 2567 eius
1639 2497 1754 2567 fuerit
1777 2508 1944 2607 peracta,
1977 2498 2118 2609 ¹th!
2156 2556 2162 2564 .

416 2655 501 2724 loco
521 2649 634 2720 natali
655 2658 692 2717 et
712 2645 804 2735 solo,
820 2646 856 2714 in
874 2671 946 2738 quo
961 2646 1173 2717 arbusculae
1185 2660 1398 2735 nascuntur,
1419 2646 1630 2718 derivanda.
1655 2644 1797 2738 Nempe
1809 2648 1881 2735 Ioci
1898 2649 2013 2738 aprici
2028 2610 2110 2718 cor·

418 2801 527 2868 tieem
553 2793 750 2888 proferunt
774 2791 1133 2885 praestantissimum.
1186 2793 1239 2862 ln·
1255 2793 1440 2886 paludosis
1467 2803 1595 2863 contra
1619 2803 1749 2862 cortex
1771 2815 1902 2887 parurn
1928 2795 2109 2865 aromati-

418 2970 481 3018 cus
506 2943 709 3036 colligitur:
735 2941 839 3012 color
863 2937 978 3012 flatus
1003 2937 1090 3008 huic
1115 2951 1170 3010 est
1196 2941 1408 3029 obscurior,
1438 2940 1554 3035 colori
1579 2941 1711 3049 radicis
1738 2962 1932 3011 curcumae
1957 2910 2086 3010 similis
2095 2966 2127 3034 3.

417 3093 617 3166 substantia
642 3104 696 3161 eat
717 3088 887 3178 friabilis,
913 3098 1083 3157 texturae
1104 3087 1224 3177 laxae,
1253 3088 1468 3180 granulosae
1494 3100 1531 3158 et
1556 3087 1657 3180 quasi
1682 3108 1869 3160 arenosae.
1918 3085 2042 3182 (Conf.
2069 3090 2110 3158 in

417 3240 729 3326 antecedentibus,
766 3262 801 3329 p.
830 3237 873 3303 28
902 3244 938 3302 ct
962 3234 1035 3318 65,
1078 3232 1196 3304 Welle
1227 3232 1419 3321 Coronae,
1456 3231 1738 3304 Cinnamomum
1763 3234 1972 3325 arenosum,
2009 3236 2110 3328 quod

416 3388 489 3457 huc
520 3388 620 3457 forte
654 3377 949 3475 referenduml)
1994 3482 1997 3487 Ι

455 3615 460 3622 ,
520 3537 824 3630 cinnamomum,
850 3531 949 3626 quod
970 3530 1017 3598 ad
1037 3529 1134 3620 ripas
1154 3525 1259 3605 lluvii
1276 3527 1438 3618 Keymel
1455 3527 1506 3605 ad
1523 3536 1667 3621 partem
1690 3500 2111 3679 septentrioalem,ffet
2156 3526 2167 3533 '

415 3709 532 3778 prope
561 3683 775 3772 Wallawcy
800 3681 839 3749 in
864 3689 967 3773 parte
992 3674 1134 3744 insulae
1160 3675 1309 3744 australi
1328 3677 1473 3766 crescit,
1495 3676 1612 3747 multo
1639 3673 1792 3768 minoris
1818 3686 1873 3744 est
1892 3674 1999 3768 pretii
2014 3668 2037 3765 3¹
2053 3670 2111 3744 ἕα-

417 3858 488 3927 por
511 3833 611 3902 enim
636 3831 714 3900 eius
744 3830 808 3901 rix
834 3840 890 3897 est
914 3826 1157 3920 aromaticus,
1193 3824 1257 3894 sed
1282 3825 1403 3917 potius
1429 3848 1574 3894 amarus
1600 3833 1638 3892 et
1662 3823 1909 3915 adstringens,
1946 3844 2017 3915 qno
2044 3844 2111 3890 sa·

416 3985 500 4078 pori
526 3980 669 4051 corticis
703 3975 844 4047 fructus
877 3975 1022 4086 limonis
1048 3973 1255 4066 comparari
1278 3972 1403 4067 possit.
1455 3968 1659 4083 (Corticem
1686 3970 1783 4040 hunc
1801 3969 1936 4077 Lauro
1963 3967 2111 4038 Cinna-

415 4154 540 4251 momo
575 4125 707 4195 merito
743 4121 1021 4193 adscribendum
1055 4143 1156 4209 esse,
1196 4119 1260 4192 rix
1296 4118 1552 4209 concedimus3
1589 4117 1684 4189 conf.
1723 4100 1881 4190 Codatte
1920 4114 2107 4208 Coronae,

418 4282 686 4349 cinnamomum
713 4273 959 4393 adstringens,
987 4292 1065 4361 pag.
1096 4289 1141 4359 29
1170 4276 1206 4336 et
1229 4264 1309 4361 64.)

519 4427 801 4495 Cinnamomum
835 4415 1187 4513 praestantissimum
1222 4415 1449 4508 inpartibus
1475 4415 1753 4487 australioribus
1783 4410 2018 4507 Zeyloniae
2006 4414 2111 4480 insu-

314 4608 319 4619 »
415 4575 474 4644 lae
505 4574 686 4660 nascitur,
718 4571 756 4641 in
791 4593 835 4638 ea
870 4570 1041 4660 regione,
1079 4565 1181 4635 cuius
1213 4563 1347 4633 limites
1373 4561 1469 4631 linea
1493 4559 1577 4632 ficta
1602 4530 1827 4649 indicantur,
1864 4581 1956 4652 quae
1974 4580 2002 4626 a
2028 4556 2109 4626 Ne-

413 4719 550 4815 gombo
589 4719 634 4787 ad
671 4719 900 4807 Ponamam,
949 4719 994 4783 18
1015 4711 1200 4808 milliaria
1232 4709 1337 4802 Angl.
1372 4732 1499 4783 versus
1532 4720 1674 4803 partem
1700 4707 1862 4780 candias
1888 4703 2110 4799 septentrio·
2160 4726 2169 4741 ³

415 4869 534 4939 nalem
560 4868 653 4953 sita,
690 4879 727 4937 et
747 4832 836 4935 inde
861 4885 975 4958 usque
1000 4861 1045 4930 ad
1070 4855 1370 4950 Hambangtotte
1395 4858 1520 4950 ducta,
1547 4855 1704 4951 fingitur.
