4470 6096
1085 665 1237 763 ll.

389 865 519 961 Itaque
546 864 592 937 de
618 866 922 936 cinnamomo
958 875 996 936 et
1021 865 1187 938 Cassia
1213 876 1385 941 veterum
1410 838 1643 936 Graecorum
1667 872 1705 934 et
1726 859 1982 933 Romanorum

292 1013 552 1104 disquirentes,
579 1013 669 1081 haec
693 1011 840 1082 tandem
866 1013 1069 1111 statuimus:
1097 1013 1258 1086 ramulos
1283 1015 1447 1107 integros
1464 1011 1590 1102 luisse,
1608 1034 1631 1081 e
1655 1010 1755 1103 ligno
1773 1011 1983 1103 corticeque

290 1160 505 1246 coniunctis,
531 1159 675 1251 quibus,
702 1182 784 1228 cum
811 1182 888 1228 non
913 1160 983 1229 nisi
1007 1161 1093 1231 sicci
1120 1161 1367 1250 adferrentur,
1385 1175 1515 1232 cortex
1539 1160 1685 1230 detrahi
1708 1181 1783 1230 non
1808 1160 1982 1252 potuerit.

292 1303 460 1395 Verum,
506 1306 605 1397 quod
636 1305 766 1375 eodem
798 1318 966 1400 tempore
1000 1307 1186 1377 detractus
1217 1307 1263 1377 ab
1295 1305 1425 1377 ineolis
1449 1307 1525 1378 vivi
1550 1306 1694 1377 arboris
1720 1315 1848 1376 cortex
1874 1302 1983 1374 listu-

290 1452 422 1545 laeque
447 1452 495 1520 ad
518 1455 634 1523 instar
660 1453 876 1526 convolutus
903 1454 1082 1524 mercium
1107 1479 1174 1524 usu
1202 1456 1348 1524 obviam
1375 1453 1656 1544 esset,eundem
1682 1453 1728 1523 ab
1752 1451 1978 1541 hominibus,

291 1623 404 1673 verae
442 1599 592 1691 originis
629 1599 707 1670 eius
739 1601 897 1692 ignaris,
945 1623 1015 1695 pro
1044 1602 1315 1677 diversissimae
1349 1602 1537 1672 cuiusdam
1563 1601 1707 1696 stirpis,
1744 1600 1982 1692 eiusdemque

291 1747 560 1818 arundlnaceae
603 1747 665 1820 vel
699 1747 933 1818 scitamineae
970 1748 1092 1819 culmo
1130 1750 1274 1843 integro
1310 1773 1388 1822 esse
1432 1760 1654 1845 reputatum.
1724 1746 1984 1819 Differentiam

289 1908 411 1967 autem
444 1896 557 1988 ipsius
582 1896 751 1988 corticis,
786 1921 809 1966 a
834 1895 1022 1987 crassitie,¹
1040 1895 1164 1967 colore
1195 1910 1234 1968 et
1258 1899 1409 1993 reliquis
1433 1900 1545 1991 signis
1570 1898 1649 1968 eius
1672 1897 1840 1992 petitam,
1867 1896 1985 1966 multo

288 2045 405 2113 serius
418 2043 603 2116 inventam
619 2067 713 2136 esse,
740 2070 824 2117 cum
850 2041 1079 2114 ramulorum
1101 2047 1367 2116 exsiccetorum
1380 2069 1448 2116 usu
1457 2046 1530 2113 iam
1540 2041 1693 2132 abolito,
1713 2040 1985 2134 antiquissimae

288 2202 413 2260 tamen
446 2191 556 2260 huius
592 2192 836 2263 distinctionis
873 2192 1091 2265 memoriam
1125 2192 1284 2263 firmiter
1315 2191 1484 2262 homines
1514 2200 1684 2260 tenerent
1708 2199 1746 2258 et
1776 2211 1846 2280 pro
1880 2188 1985 2261 varia

292 2338 439 2407 corticis
472 2348 603 2408 natura
628 2341 827 2411 discrimen
853 2342 891 2410 in
916 2364 961 2411 eo
986 2352 1189 2434 ponerent,
1214 2340 1313 2434 quod
1338 2338 1468 2428 illum,
1497 2337 1560 2431 qui
1585 2302 1715 2437 durior
1735 2336 1983 2426 inveniretur,

289 2483 463 2554 corticem
480 2485 682 2558 Cassiam
708 2484 921 2579 ligneam,
950 2486 1009 2561 rel
1034 2487 1237 2582 ligneum
1256 2483 1985 2578 Cinnamomumappellarent,tenui

188 2635 190 2648 '
287 2652 379 2703 vero
405 2630 523 2723 libro,
569 2654 645 2703 una
662 2655 759 2702 -cum
784 2638 922 2706 cortice
948 2635 1102 2711 novellis
1128 2635 1281 2709 ramulis
1306 2645 1432 2728 exuto,
1463 2633 1763 2704 Cinnamomi
1788 2655 1926 2706 nomen
1944 2644 1983 2705 et

287 2777 469 2849 honorem
494 2779 714 2852 tribuerent.
733 2777 776 2864 e)

1079 3004 1180 3099 ts.

388 3199 440 3269 Et
452 3220 583 3291 magno
601 3199 750 3293 quidem
774 3200 940 3271 acumine
963 3199 1092 3270 eadem
1116 3201 1208 3270 haec
1233 3200 1378 3293 pridem
1403 3199 1603 3294 perspexit,
1631 3197 1695 3293 qui
1720 3197 1817 3270 inter
1840 3197 1982 3292 primos

236 3346 243 3359 “
287 3345 609 3420 Dioscoridem
643 3346 900 3441 explicandum
936 3357 1224 3440 aggressusest,
1252 3345 1477 3418 Valerius
1512 3334 1797 3435 Cordum,
1824 3342 1980 3438 luceque

288 3491 422 3562 clarius
446 3496 633 3588 exposuitx
670 3495 1067 3564 iocinnamomnm
1089 3492 1285 3563 aCassia
1310 3491 1484 3584 differre;
1513 3493 1767 3562 2⁰»corticem
1793 3515 1870 3564 esse
1888 3491 1984 3562 Cin-

292 3640 545 3730 »nimomum,
583 3640 701 3709 canali
724 3638 924 3712 convoluto
949 3639 1107 3713 similem
1131 3642 1290 3735 ideoque
1316 3639 1553 3713 Canellam
1586 3641 1802 3736 quibusdam
1829 3640 1975 3730 vocari,

287 3786 415 3875 »nobis
461 3808 554 3860 tero
596 3785 886 3858 Cimmetrinden
898 3835 909 3875 ,
963 3785 1281 3879 Cimmetrdlrren,
1338 3787 1633 3861 Cimmetborken
1673 3798 1711 3858 et
1758 3780 2008 3878 Cinnamei,'

287 3931 463 4003 »Graccis
475 3956 566 4005 vero
581 3933 872 4021 chemeium,
889 3933 961 4003 hoc
983 3945 1039 4005 est
1059 3933 1248 4008 vallare.
1262 3962 1278 3997 «ι
1290 3970 1340 3988 -·-
1353 3936 1398 4004 5ο
1409 3937 1572 4005 Cassiam
1587 3958 1728 4026 veram,
1744 3935 1976 4030 quorundam

280 4078 468 4170 diligentia
492 4080 599 4151 huius
610 4080 761 4153 Antoris
787 4092 956 4175 tempore
974 4093 1057 4176 post
1070 4081 1217 4175 longam
1244 4080 1468 4153 oblivionem
1494 4104 1622 4154 rursus
1647 4082 1844 4155 inno'stras
1856 4094 1974 4154 terras

278 4225 433 4317 illatam,
461 4239 625 4301 »tantam
649 4255 733 4304 cum
746 4232 992 4303 cinnamomo
1018 4231 1157 4303 hahere
1183 4228 1475 4321 similitudinem,
1502 4242 1543 4302 ut
1562 4231 1739 4304 alterutra
1764 4237 1803 4303 in
1819 4232 1973 4303 alteram

284 4397 380 4444 »non
403 4397 488 4447 raro
515 4375 737 4472 degeneret3
763 4404 841 4452 esse
867 4392 992 4451 tamen
1008 4376 1242 4450 Cinnamomi
1262 4380 1342 4451 reri
1367 4389 1405 4448 et
1415 4377 1516 4450 unici
1536 4378 1754 4474 Cassiusque
1768 4383 1974 4476 specierum

284 4520 434 4612 »plures¹
447 4521 687 4615 differentias,
699 4527 828 4599 inter
851 4550 898 4598 aa
924 4500 1114 4621 quidem
1130 4523 1271 4599 valde
1287 4538 1525 4620 cognatas,
1544 4538 1587 4596 ut
1601 4531 1839 4601 temerarium
1855 4529 1969 4618 soret,

283 4670 563 4759 »pronunciard
584 4694 651 4744 nos
673 4674 712 4744 in
726 4683 843 4745 totum
856 4674 985 4769 quovis
1001 4671 1247 4743 cinnamomo
1267 4672 1451 4743 destituis
1464 4674 1566 4762 -40
1580 4676 1823 4771 »Cassiam
1841 4678 1886 4750 de
1902 4700 1974 4772 qua

340 4987 367 5064 ⁸)
390 4989 547 5054 Conieras
568 4992 737 5056 Dexhach.
762 4995 802 5057 de
831 4992 940 5056 Cassia
969 4992 1004 5053 in
1019 4992 1204 5073 ‚valentini
1226 4995 1329 5058 Mant.
1347 4995 1444 5060 Exot.
1463 4997 1521 5062 Ac.
1547 5019 1578 5085 p.
1600 4998 1673 5063 θοι.

327 5100 372 5180 ’Ἴ
391 5102 513 5168 Annot.
535 5107 570 5169 in
591 5109 671 5173 Ped.
690 5109 799 5173 Diosc.
821 5111 937 5174 Libros
963 5108 1003 5174 de
1025 5109 1104 5172 Mat.
1118 5111 1204 5173 Med.
1234 5109 1325 5177 1561.
1343 5131 1375 5197 p.
1397 5114 1427 5180 3.
