4470 6096
1931 426 1978 505 15

286 669 437 743 nomine
461 665 573 740 rendi
594 664 754 744 solebat,
773 661 908 733 acriter
933 659 1144 747 contendit,
1172 637 1314 728 nullum
1335 656 1485 730 omnino
1510 658 1579 728 hac
1605 679 1672 727 sua
1695 666 1816 727 aetate
1841 656 1982 728 inistis

286 819 397 890 terris
423 816 580 910 reperiri
606 815 904 898 Cinnsmomum,
931 831 1052 904 neque
1078 806 1241 897 electius,
1270 830 1390 902 nequa
1416 807 1578 878 deterius
1604 808 1861 901 quodcunque,
1895 807 1973 882 sive

286 964 448 1034 Darseni
474 971 511 1031 et
536 957 678 1048 Kerfe,
704 959 924 1028 acdeorum
951 955 1033 1025 loco
1060 955 1195 1050 ubique
1219 954 1261 1027 iu
1284 978 1353 1026 usu
1379 978 1457 1026 esse
1494 955 1658 1027 Cassiam
1683 966 1853 1028 ueterum
1885 951 1975 1052 (re-

285 1116 379 1185 ctius
406 1111 565 1196 Casiam,
591 1106 781 1200 simplicis
806 1101 1075 1199 scribendam),
1103 1105 1237 1198 quippe
1261 1127 1353 1199 quae
1378 1115 1546 1179 veterum
1570 1103 1694 1178 verbis
1719 1105 1765 1176 de
1789 1106 1860 1176 isto
1887 1128 1976 1175 aro-

288 1273 387 1332 mate
413 1261 507 1331 bene
534 1257 775 1351 respondeat3
812 1255 975 1347 graviter
1000 1263 1123 1322 autem
1150 1273 1279 1324 errare
1304 1274 1385 1343 eos,
1425 1252 1488 1344 qui
1513 1251 1672 1345 simplici
1696 1245 1777 1323 dosi
1802 1276 1907 1336 eam,
1934 1265 1976 1323 ut

286 1411 583 1492 Cinnamomurn,
609 1404 648 1472 in
667 1401 939 1472 medicamentis
962 1401 1173 1490 adhibeant,
1199 1424 1285 1470 cum
1309 1412 1478 1474 veterum
1498 1402 1715 1471 auctoritate
1735 1424 1805 1495 pro
1820 1402 1976 1495 simplici

286 1558 531 1627 Cinnamomo
552 1549 691 1644 duplex
714 1551 856 1644 pondus
881 1548 941 1622 vel
974 1550 1131 1642 optimae
1158 1547 1288 1620 Casiae
1313 1550 1362 1619 sit
1385 1548 1689 1619 substituendum.
1716 1547 1854 1620 Vocari
1879 1551 1976 1644 apud

283 1697 686 1787 ArabesSelicham,
709 1695 769 1770 vel
795 1686 1083 1787 Seliacham,
1111 1698 1172 1772 vel
1196 1698 1398 1789 Seliche,
1426 1710 1464 1770 et
1487 1700 1571 1770 iure
1594 1722 1664 1792 pro
1686 1699 1812 1770 Cassia
1834 1699 1974 1771 Fistula

284 1860 451 1957 veterum
477 1848 622 1939 haberi,
651 1869 759 1941 quam
783 1855 906 1915 autem
934 1845 1052 1915 serius
1079 1846 1286 1917 Cassiam
1310 1849 1541 1943 Fistulam
1566 1847 1870 1944 appellavissent,
1897 1870 1981 1918 eam
2035 1827 2038 1829 Α

286 1979 432 2069 arabice
461 1997 585 2068 vocari
610 1994 892 2065 Eiaxamber
916 1994 978 2068 uel
1004 1994 1376 2089 Chaiarsandar,
1405 2009 1443 2065 et
1469 1997 1515 2065 ad
1541 1995 1664 2071 alvum
1679 1996 1872 2092 laxandam
1890 2016 1978 2088 pro·

285 2149 373 2239 pini.
423 2146 529 2218 Haec
554 2145 789 2219 Antonius
803 2170 814 2236 3
840 2166 860 2212 e
887 2145 990 2215 cuius
1015 2142 1139 2215 verbis
1165 2141 1320 2234 duplicis
1352 2142 1493 2211 erroris
1525 2142 1647 2212 fontes
1673 2164 1869 2233 cognosces
1893 2165 1981 2214 ver·

286 2295 406 2386 baque
432 2293 555 2363 inania
579 2315 649 2386 pro
676 2294 786 2364 rebus
809 2292 898 2385 ipsis
924 2290 1063 2386 posita,
1095 2313 1184 2361 mox
1207 2299 1331 2360 autem
1346 2255 1403 2361 ¹ea
1428 2313 1512 2359 cum
1543 2311 1585 2357 re
1617 2298 1835 2383 praesente,
1871 2313 1981 2384 quam

287 2443 432 2515 diversa
461 2451 582 2511 aetate
615 2462 818 2535 parumque
851 2450 991 2510 mutata
1014 2438 1135 2510 forma
1159 2438 1454 2532 descripserunt,
1482 2436 1577 2509 male
1604 2439 1805 2531 composita
1829 2449 1867 2513 et
1889 2450 1979 2510 tan·

287 2612 398 2684 quam
425 2613 557 2684 corpus
584 2614 607 2659 a
631 2612 786 2684 corpore
812 2591 980 2661 discreta.

1079 2831 1180 2926 lr-

384 3036 491 3125 Quae
517 3044 662 3107 veteres
688 3032 825 3102 Graeci
850 3047 887 3104 et
911 3035 1069 3104 Romani
1100 3036 1146 3103 de
1179 3032 1421 3104 cinnamomo
1452 3031 1706 3121 tradiderant,
1754 3055 1797 3102 ea
1827 3046 1978 3108 strenue

285 3181 433 3272 collegit
457 3171 761 3269 Manardus*),
790 3196 898 3267 quem
924 3188 1070 3246 secutus
1085 3173 1365 3273 Garoias**),
1392 3177 1623 3248 Cinnamomi
1648 3178 1839 3252 historiam
1856 3182 1978 3257 lucide

284 3328 433 3419 quidem
459 3327 650 3420 exposuit,
683 3325 748 3396 sed
771 3334 897 3393 tamen
927 3325 967 3392 in
992 3347 1036 3394 eo
1062 3325 1248 3419 peccauit,
1285 3325 1383 3418 quod
1416 3348 1541 3396 omnes
1566 3326 1718 3408 omnino
1746 3328 1979 3404 Cinnamcmi

285 3485 323 3541 et
348 3451 496 3542 Cassiae
522 3486 630 3565 atque
657 3468 831 3541 Canellae
856 3479 932 3540 tam
958 3471 1055 3563 apud
1080 3483 1237 3563 veteres,
1264 3494 1372 3564 quam
1387 3472 1484 3566 apud
1499 3474 1736 3564 recentiores,
1753 3475 1977 3582 differentias

284 3620 412 3689 reiecit
437 3631 474 3689 et
499 3641 609 3690 omno
635 3619 921 3690 Cinnamomum
952 3642 999 3689 ex
1019 3641 1105 3688 una
1128 3619 1379 3713 eademque
1405 3621 1581 3691 arbore
1605 3620 1789 3715 proficisci
1803 3626 1973 3696 asseruit:

287 3767 477 3836 »didicisse
496 3787 535 3834 se
555 3789 601 3837 ex
612 3765 803 3837 annalibus
827 3765 930 3836 urbis
948 3763 1140 3857 Ormuz,
1157 3767 1397 3861 Sinsnses,
1419 3792 1562 3861 aurum,
1580 3770 1754 3862 sericum,
1772 3796 1859 3850 rasa
1873 3795 1975 3845 mur·

283 3914 406 4002 rhina,
434 3912 638 4003 moschum,
667 3934 836 4007 cuprum,
864 3913 1080 4004 margaritas
1106 3910 1266 4006 aliasque
1284 3915 1491 3987 huiusmodi
1514 3941 1655 3989 merces
1677 3919 1866 4014 vehentes,
1890 3947 1974 3994 cum

283 4062 330 4129 ad
356 4057 563 4140 Malacae
587 4063 715 4132 littora
739 4062 984 4156 appulissent,
1011 4063 1170 4136 venditis
1196 4064 1413 4157 quibusdam
1438 4088 1485 4136 ex
1502 4066 1574 4158 his,
1602 4061 1815 4162 sandalum,
1843 4091 1975 4143 nucem

282 4209 531 4298 moschatam,
566 4209 708 4299 macin,
746 4209 1005 4315 carpophylla,
1051 4209 1192 4302 lignum
1222 4211 1322 4282 aloes
1356 4223 1424 4284 etc.
1452 4225 1581 4286 contm
1603 4218 1643 4286 in
1668 4191 1751 4289 suas
1775 4240 1886 4290 naves
1910 4220 1975 4290 in·

282 4354 406 4446 ferre,
443 4378 540 4449 quae
575 4377 704 4429 rursus
738 4356 779 4429 in
804 4357 984 4452 Zeylan
1016 4369 1053 4428 et
1083 4357 1295 4431 Malabar
1326 4362 1572 4434 divenderent
1601 4364 1761 4460 indeque
1785 4380 1975 4440 sumerent

285 4503 551 4597 Canellam,
602 4527 652 4606 ος
696 4504 858 4583 Zeilan
906 4504 1140 4578 videlicet
1182 4506 1557 4583 laudatissimam
1602 4523 1638 4583 et
1676 4535 1723 4584 ex
1760 4512 1975 4600 Malabar

282 4650 431 4721 minus
463 4653 713 4746 selectam,
743 4653 915 4726 similiter
950 4654 1061 4724 etiam
1091 4676 1112 4722 e
1138 4652 1272 4745 lava,
1291 4657 1399 4726 unde
1424 4660 1532 4752 piper
1557 4684 1703 4759 quoque
1722 4673 1760 4737 et
1778 4664 1976 4736 cardamo-

287 4849 582 4869 Μ

346 4972 498 5054 ¹)Epist.
520 4975 556 5036 L.
576 4976 608 5039 8.
629 4996 681 5058 ep.
708 4996 733 5037 1.
1004 5045 1018 5069 ο
1107 5018 1114 5039 -.
1643 5038 1646 5043 ,

329 5087 373 5164 '')
393 5088 444 5153 De
467 5107 564 5151 arom
587 5109 605 5152 e
632 5109 715 5156 vers.
738 5087 843 5153 Clarii
864 5086 936 5164 (sd.
956 5062 1178 5165 Praebent.
1226 5092 1303 5177 Cup·
1326 5092 1397 5164 XV·
1419 5115 1454 5181 p.
1479 5095 1548 5163 rod.
