4470 6096
315 408 362 485 18
992 403 994 407 ’
1397 422 1429 477 ο

301 647 470 732 suspecta
501 635 652 732 quidem
677 635 757 705 aliis
781 634 855 705 lide
879 643 1027 727 testem,
1055 649 1161 717 caute
1186 638 1227 713 in
1251 643 1450 716 concilium
1472 647 1675 737 advocans,
1703 647 1844 738 primus
1873 651 2015 745 apertis

306 787 429 862 verbis
457 785 638 879 exposuit.
677 783 874 856 Amatus
899 793 1022 856 autern
1046 784 1111 861 ille
1136 785 1456 884 Lusitanusr)
1478 793 1571 863 haec
1592 793 1760 886 proferte

406 937 726 1023 »cinnamomum
755 932 857 1003 cuius
890 954 967 1003 non
993 953 1110 1025 pauca
1146 937 1387 1029 reperiuntur
1405 908 1574 1032 genera,
1609 929 1851 1016 notissimum
1877 968 2010 1024 aroma

304 1098 379 1174 est,
413 1086 513 1179 quod
543 1085 649 1187 nobis
676 1080 851 1153 Zeilam
879 1082 999 1152 insula
1024 1081 1159 1174 mittit,
1186 1106 1262 1155 non
1282 1086 1387 1178 parvi
1418 1089 1515 1180 apud
1543 1086 1654 1158 Indos
1682 1089 1852 1191 nominis.
1879 1130 1935 1146 -
1961 1068 2010 1150 ss

198 1270 203 1277 ·
302 1235 389 1307 Non
414 1235 615 1350 gravabor,
644 1231 703 1300 hic
728 1229 894 1322 referre,
922 1231 1011 1326 quid
1039 1230 1086 1303 de
1114 1232 1144 1302 C
1154 1233 1415 1306 innamomo
1447 1236 1653 1310 audiverim
1680 1259 1702 1304 a
1732 1238 1913 1330 quodam,
1943 1244 2010 1335 qui

302 1382 471 1477 viginti
498 1405 637 1452 annos
664 1380 837 1453 Zeilam
866 1405 914 1453 se
941 1381 1112 1474 egisse,
1148 1374 1344 1454 fatebatur.
1396 1379 1521 1456 Arbor
1544 1395 1621 1474 est,
1648 1383 1814 1478 dicebat,
1842 1399 2009 1483 quatuor

214 1582 218 1595 .
300 1532 382 1603 fere
414 1533 453 1601 in
478 1532 671 1602 altitudine
694 1531 929 1621 cubitorum,
958 1530 1208 1602 crassitudinis
1229 1529 1445 1621 brachialia,
1472 1555 1538 1602 sex
1564 1531 1623 1606 rel
1651 1544 1837 1626 septcme
1868 1547 2008 1611 trunco

301 1682 452 1753 mittens
474 1681 658 1771 ramulos,
687 1680 750 1774 qui
774 1678 925 1771 singulis
947 1678 1049 1747 annis
1072 1688 1306 1772 amputantur
1329 1691 1439 1771 atque
1459 1680 1593 1752 iterum
1610 1681 1814 1775 pullulant,
1842 1662 2010 1775 quorum
2039 1740 2044 1749 .

300 1842 453 1921 cortex,
483 1832 546 1923 qni
573 1829 917 1899 cinnamomum
943 1836 1014 1917 est,
1042 1838 1084 1895 ut
1113 1827 1370 1917 tenuissimus,
1398 1829 1450 1898 ita
1475 1830 1633 1901 maxime
1659 1832 1698 1901 in
1726 1832 1849 1925 pretio
1879 1834 2010 1908 habe-

298 1992 382 2069 tur‚
411 1978 538 2050 colore
562 1975 747 2047 exteriore
771 1974 978 2066 subruffus,
1015 1996 1192 2065 rugosus,
1229 1996 1314 2044 cum
1345 1973 1499 2069 quadam
1527 1977 1759 2069 nigredine,
1778 2002 1864 2049 nam
1901 1981 2010 2054 intus

301 2129 491 2200 cineritius
517 2128 742 2218 conspicitur
768 2137 836 2197 etc.
862 2163 912 2178 -
962 2124 1091 2214 Folia,
1121 2122 1252 2219 quibus
1275 2124 1389 2193 arbor
1412 2125 1502 2194 haec
1524 2124 1701 2215 vestitur,
1728 2088 1831 2194 nucis
1860 2126 2010 2220 iuglan-

300 2279 356 2347 dis
378 2299 457 2345 esse
485 2276 604 2366 dices,
632 2297 724 2368 quae
748 2274 787 2342 in
809 2271 964 2342 cilicinis
987 2294 1057 2363 pro
1085 2269 1401 2359 Malabathro,
1428 2270 1551 2341 falso
1575 2284 1746 2365 tamen,
1775 2275 2010 2348 venduntur.

300 2423 406 2495 Haec
428 2424 677 2493 Cinnamomo
707 2432 871 2491 nostro
897 2421 948 2487 ita
975 2418 1223 2512 respondent,
1259 2432 1297 2489 et
1324 2446 1345 2490 a
1370 2420 1515 2490 Gaiano
1547 2432 1622 2490 tam
1651 2444 1758 2513 saepe
1785 2423 2009 2517 descripto,

300 2584 351 2641 ut
375 2569 554 2640 nullum
579 2568 709 2639 aliud
734 2591 933 2659 unquam
959 2569 1180 2638 extitisse
1199 2568 1551 2639 cinnamomum
1569 2570 1806 2640 crediderim.
1832 2570 2010 2645 Proinde

299 2733 402 2790 recte
428 2744 512 2791 mea
530 2718 712 2788 sententia
734 2715 936 2809 seplasiarii
961 2725 1088 2784 nostro
1110 2716 1354 2786 cinnamomo
1377 2740 1447 2810 pro
1477 2740 1565 2790 vero
1589 2729 1627 2786 et
1646 2718 1879 2788 Graecorum
1899 2719 2010 2789 cin-

297 2892 468 2939 namomo
499 2865 706 2938 utuntur.“
735 2901 781 2917 -·
833 2860 1004 2951 Refellit,
1041 2862 1149 2932 allato
1177 2863 1309 2934 Galeni
1338 2863 1441 2954 loco,
1487 2867 1705 2936 sententiam
1743 2888 1891 2949 eorum,
1932 2868 2006 2959 qui

294 3017 437 3089 nullum
457 3000 554 3108 apud
575 3024 719 3087 veteres
746 3010 933 3081 Romanos
963 3011 1245 3081 cinnamomum
1270 3012 1400 3087 venale
1421 3014 1625 3105 prostitisse
1651 3037 1698 3083 ex
1723 3037 1768 3083 eo
1790 3011 2005 3106 adiuuent,

296 3167 394 3260 quod
424 3164 587 3235 Galenus
624 3164 895 3232 cinnamomum
927 3159 1023 3249 apud
1061 3159 1310 3249 Imperatores
1338 3158 1589 3250 quaerendum
1619 3182 1697 3228 esse
1724 3161 1837 3236 dicatt
1875 3183 2006 3254 regu..

296 3314 371 3383 lam
396 3314 493 3383 enim
519 3312 623 3381 illurn
649 3323 687 3382 et
710 3307 827 3381 veluti
851 3317 971 3376 cotem
995 3315 1136 3373 tantum
1162 3303 1387 3374 intellexisse
1410 3304 1681 3396 Imperatorum
1706 3305 2002 3378 hoccinnamn-

295 3485 421 3548 mum,
450 3484 497 3531 ex
524 3484 597 3553 quo
621 3457 763 3556 facilius
789 3458 928 3526 bonum
955 3453 1108 3546 quisque
1134 3477 1155 3521 a
1179 3452 1275 3522 malo
1303 3452 1540 3525 discerneret.
1607 3534 1617 3544 Ι

396 3609 455 3679 Dc
482 3609 643 3679 Cassia
668 3616 790 3676 autem
815 3604 913 3672 idem
939 3600 1119 3690 affirmat,
1148 3600 1187 3669 in
1213 3600 1426 3673 vastissimis
1452 3600 1630 3693 capsis,
1658 3600 1798 3670 canella
1823 3598 1997 3692 refertis,

297 3780 391 3852 quae
418 3781 464 3827 ex
489 3757 593 3828 India
618 3752 927 3844 Antverpiam
955 3749 1201 3841 afferrentur,
1230 3761 1269 3819 et
1294 3750 1479 3819 Cassiae
1507 3761 1549 3818 et
1576 3748 1864 3821 cinnamomi
1890 3774 1995 3823 om-

294 3909 371 3976 nia
394 3931 513 4000 pene
537 3904 738 3998 reperiri
763 3926 954 4001 genera5
988 3903 1339 3973 cinnamomum
1363 3896 1550 3970 nonnullis
1585 3899 1691 3969 nodis
1718 3899 1863 3990 omari,
1892 3901 1997 3969 odo-

292 4060 636 4147 ratissimum‘esse,
663 4057 709 4126 ad
733 4055 963 4147 nigredinem
987 4053 1146 4137 rubens,
1179 4073 1311 4141 sapore
1337 4051 1413 4118 acri
1439 4047 1599 4137 linguam
1619 4047 1775 4116 maxime
1791 4045 1969 4118 vellicans
1982 4073 1995 4137 ;

288 4192 488 4276 Ca‘ssiam
514 4204 643 4275 coralli
667 4205 777 4274 modo
804 4202 938 4271 rubere
964 4197 1037 4296 ll),
1066 4221 1133 4268 nec
1156 4198 1319 4287 linguam
1343 4197 1395 4264 ita
1419 4171 1577 4287 intense,
1613 4206 1656 4264 ut
1683 4195 1991 4295 cinnamomum,

301 4354 479 4442 erodere,
507 4354 573 4425 sed
598 4352 720 4446 potius
745 4370 828 4419 curn
847 4317 1004 4417 acuitate
1025 4345 1178 4439 quadarn
1201 4327 1446 4433 adstringere,
1474 4344 1575 4411 cuius
1595 4343 1711 4412 maior
1728 4342 1851 4434 copia,
1880 4363 1997 4433 quam

290 4503 533 4591 cinnamomi,
568 4523 714 4596 semper
739 4500 997 4593 comperiatur.
1025 4495 1135 4565 Patet
1155 4516 1203 4563 ex
1228 4492 1298 4582 his,
1327 4489 1489 4561 Amato
1515 4493 1797 4561 crassiorem
1824 4500 1862 4559 et
1879 4488 2004 4583 adul-¹

292 4656 428 4722 tiorem
454 4653 630 4720 corticem
657 4652 1024 4732 cinnamomum,
1051 4642 1279 4711 iuniorem
1306 4640 1510 4708 Cassiam
1535 4640 1689 4707 audisse.

353 4877 378 4950 *)
402 4875 439 4933 ln
463 4869 665 4933 Dioscuridis
687 4867 727 4930 de
747 4867 824 4928 Mat
846 4863 932 4926 Med.
964 4860 1064 4922 libros
1080 4858 1333 4936 Enarrationes‚
1360 4859 1481 4920 Venet.
1508 4859 1584 4937 1557
1608 4881 1640 4941 p.
1664 4857 1713 4920 25.

330 4991 372 5066 **)
395 4989 451 5066 ld,
485 4987 576 5070 qnod
597 4983 673 5060 alii,
708 5006 739 5045 v.
762 5003 808 5065 gr.
831 4978 994 5041 Antonius
1016 4978 1038 5038 l.
1060 4999 1099 5054 c.‚
1122 4975 1304 5037 secundnm
1324 4973 1550 5036 Dioscoridem
1573 4975 1613 5036 dc
1636 4972 1855 5037 similitudine
1878 4973 1989 5037 nodo-

412 5127 485 5166 rum
507 5120 736 5186 ramorumque
758 5096 970 5162 multitudine
992 5094 1150 5159 ridentur
1170 5091 1385 5157 intellexisse.
