4470 6096
1904 399 1954 476 ,33

263 622 391 712 lingua
426 634 561 685 nomen
593 606 735 679 Dcwul
763 599 942 677 Curunda
966 598 1176 672 habendum
1208 594 1268 666 ait.
1325 593 1407 666 Nisi
1438 594 1536 667 forte
1574 592 1828 667 Nikaduwclc
1862 591 1953 662 illud

222 852 231 867 ι
263 790 335 864 pro
361 785 453 838 voce
477 757 648 853 hybrida,
678 778 698 826 e
723 755 856 847 speciei
882 763 1006 822 sextae
1031 746 1176 844 (Niobe
1209 741 1413 838 Curunda)
1442 754 1480 813 et
1504 744 1681 837 septimae
1706 741 1868 828 (Dawel
1889 766 1954 812 seu

264 912 408 983 Dawul
445 903 650 1002 Curunda)
697 903 893 974 coniuncto
924 922 1015 969 sono
1052 878 1199 984 efficta,
1234 889 1339 961 malis
1370 890 1560 987 acciperc;
1598 913 1707 985 quam
1736 890 1957 960 sententiam

263 1063 497 1132 Burmannus
531 1057 608 1147 ipse
646 1061 724 1119 tum
762 1072 807 1147 eo
839 1044 1030 1117 confirmat
1042 1095 1054 1131 ,
1104 1040 1202 1136 quod
1240 1063 1327 1111 auae
1367 1041 1603 1135 descriptioni
1643 1039 1956 1123 Dawudburunclu

265 1229 494 1302 synonymon
532 1201 730 1292 adiungere
760 1217 837 1266 non
870 1160 1072 1282 dubitavit,
1109 1189 1275 1305 tametsi,
1312 1188 1550 1260 floridum
1586 1212 1625 1259 se
1658 1212 1785 1260 coram
1817 1190 1956 1275 habere

266 1355 552 1444 cinnamomum
585 1344 821 1429 existimans,
866 1339 976 1409 Maet
1019 1337 1200 1409 Curunda
1233 1339 1397 1410 scribere
1434 1336 1621 1407 debuisset
1631 1326 1662 1428 ,'
1690 1349 1772 1408 tum
1798 1337 1958 1408 maxime

266 1517 358 1571 varo
393 1509 471 1587 eo,
496 1490 594 1586 quod
627 1490 744 1558 Niobe
778 1484 960 1557 Curunda
992 1508 1195 1578 cognomen
1228 1487 1268 1558 in
1304 1487 1537 1560 recensendis
1570 1485 1806 1558 cinnamomi
1845 1487 1956 1562 variis

263 1645 457 1742 speciebus
483 1641 591 1736 plane
619 1640 807 1727 omisit

366 1791 571 1864 Obscuram
603 1790 727 1883 itaque
752 1782 1065 1879 compositamque
1090 1807 1111 1855 e
1137 1782 1292 1858 diversis
1327 1756 1517 1885 elementis
1552 1785 1712 1879 speeiem
1746 1782 1807 1857 vel
1838 1779 1960 1877 quoad

264 1960 398 2012 nomen
424 1935 745 2031 deprehendimus,
773 1931 912 2004 scilicet
937 1929 1080 2001 Dowcd
1095 1929 1296 2020 Curunda,
1324 1930 1444 2002 Niekc
1474 1930 1655 2004 Curunda
1675 1940 1712 2003 et
1736 1929 1845 2001 Mae!
1879 1926 1958 1999 Cu-

263 2087 389 2157 runda
418 2070 585 2155 barbaris
611 2082 790 2152 arborum
815 2036 1130 2175 appellationibus
1145 2099 1322 2171 perverse
1348 2078 1562 2149 coniunctis

362 2229 485 2299 Porro
528 2238 737 2321 comparata
782 2222 1087 2296 Cinnamomi
1140 2232 1374 2316 perpetuo
1429 2220 1660 2294 florentis
1706 2220 1959 2291 Burmanni

264 2378 370 2447 icone
408 2399 491 2446 cum
532 2373 651 2465 foliis,
691 2372 780 2447 Mat
812 2372 993 2445 Curunda
1018 2382 1055 2442 et
1080 2369 1199 2440 Niobe
1228 2369 1409 2442 Curunda
1438 2371 1569 2461 dictis,
1596 2393 1690 2479 quae
1715 2367 1959 2483 indutorum

264 2520 373 2594 Acad.
399 2521 441 2590 C
468 2516 550 2590 Nat.
577 2519 664 2588 Cur.
692 2519 717 2594 1
745 2543 775 2587 c.
801 2514 828 2587 f.
855 2521 888 2592 6.
916 2521 1014 2594 et9.
1041 2538 1127 2587 aere
1154 2540 1288 2590 excusa
1312 2530 1397 2590 sunt
1408 2521 1640 2615 ,utriusqus
1673 2519 1809 2589 horum
1842 2517 1960 2588 folio·

263 2692 420 2763 rumque
455 2666 610 2756 ramuli,
652 2689 673 2734 a
698 2665 913 2736 Burmanno
938 2666 1051 2758 picti,
1078 2690 1221 2738 summa
1251 2669 1452 2740 similitudo
1479 2667 1680 2763 adparebit.

365 2814 471 2885 Haec
495 2816 619 2885 icones
648 2814 940 2907 expediverunt‚
979 2815 1019 2882 in
1056 2811 1252 2885 oculorum
1287 2814 1467 2905 iudicium
1502 2813 1700 2907 deductae;
1738 2806 1960 2888 revertimus

264 2965 311 3033 ad
337 2964 533 3062 scriptores
551 2963 643 3032 etin
667 2961 870 3034 verborum
896 2982 1114 3030 consensum
1131 2959 1350 3052 inquirimus
1361 2987 1373 3054 3
1400 2984 1495 3054 quae
1514 2970 1715 3048 eruuntur,
1729 2918 1731 2922 -
1744 2958 1835 3027 haec
1859 2919 1959 3027 sunta

266 3109 448 3200 Componi
472 3108 518 3176 ab
546 3103 756 3174 auctoribus
786 3102 1023 3169 Canellam
1046 3101 1148 3174 illam
1176 3104 1407 3199 Zeylanicam
1442 3106 1539 3179 Mus.
1568 3104 1668 3200 Zeyl.
1707 3104 1838 3176 Herm.
1876 3129 1960 3176 cum

265 3255 437 3345 Cassia,
484 3249 736 3323 Nitaduoala
787 3245 905 3334 dicta,
951 3244 1129 3318 Plucken.
1163 3248 1261 3325 Alm.
1294 3275 1332 3344 p.
1369 3256 1450 3347 89,
1485 3251 1573 3323 huic
1607 3259 1731 3322 autem
1755 3247 1960 3346 (Nitodu-

265 3402 362 3471 wala
388 3399 528 3496 dictae)
559 3397 706 3490 adiungi
732 3392 978 3464 Canellam
998 3417 1047 3465 ex
1079 3392 1324 3468 Mindanao
1351 3397 1539 3488 Insula,
1565 3402 1717 3470 Ionston
1749 3396 1960 3490 Dendrogr.

263 3557 290 3616 t.
317 3546 391 3633 53„
420 3553 457 3614 et
482 3543 644 3638 denique
671 3538 716 3610 ab
734 3540 813 3633 ipso
828 3536 1070 3611 Pluckenetio
1095 3542 1135 3611 in
1160 3546 1360 3640 appendice
1386 3558 1412 3617 t.
1440 3548 1524 3617 381.
1549 3544 1577 3615 f.
1607 3567 1640 3616 a.
1667 3546 1795 3618 afferri
1819 3546 1956 3633 aliam,

265 3713 373 3786 quam
404 3691 600 3761 Cassiae
637 3690 995 3760 Oinnamomcae
1023 3686 1247 3782 Myrrhae
1275 3690 1414 3761 odore
1442 3689 1738 3786 Phytographiac
1757 3689 1959 3762 similem

264 3835 439 3933 (minime
467 3850 591 3911 autem
621 3837 773 3908 eandem
807 3835 867 3909 vel
901 3833 1049 3931 parem)
1083 3835 1295 3930 appellat)
1332 3837 1634 3933 floribusque
1676 3840 1958 3911 axillaribus

265 3988 534 4063 brevissime
566 3983 889 4083 pedunculatis
915 3980 1091 4054 describit
1117 3995 1155 4055 et
1178 3985 1308 4080 pingit.

244 4181 249 4197 .
363 4131 473 4204 Haec
495 4130 588 4204 bena
603 4142 815 4227 reputantes
828 4181 839 4222 ‚
867 4130 1089 4224 iconumquc
1113 4140 1409 4224 comparaturum
1431 4155 1634 4227 memores,
1661 4134 1708 4207 de
1733 4136 1957 4207 Burman-

265 4285 403 4354 niano
427 4278 494 4353 illo
513 4282 806 4354 Cinnamomo
834 4290 1063 4375 perpetuo
1086 4277 1351 4350 florente
1322 4302 1374 4351 sse
1397 4280 1608 4354 statuimus:
1648 4281 1808 4372 scilicet,
1843 4262 1957 4352 duas

265 4431 417 4501 traditas
451 4413 1366 4521 fuisseLautiiorumfainiliaeptantas,
1411 4442 1450 4502 et
1474 4455 1535 4504 eas
1559 4452 1694 4524 genere
1720 4430 1955 4569 quidemdi·
1991 4420 2000 4434 ’

265 4598 413 4664 versas,
436 4576 501 4647 sad
526 4574 705 4649 foliorum
728 4572 852 4650 forma
875 4598 1017 4672 perque
1040 4572 1188 4646 similes.

366 4722 495 4795 Altera
526 4747 677 4816 earum,
712 4746 804 4819 quae
836 4724 981 4797 Dawul
1013 4724 1212 4797 Curunda
1231 4724 1564 4818 barbarorum,
1602 4722 1889 4800 a''Pluckenetio
1916 4728 1955 4797 in

283 5068 286 5071 >
312 5041 338 5118 *t
360 5039 499 5103 Amalth.
528 5062 561 5126 p.
592 5040 642 5106 52.
671 5063 743 5125 app.
766 5051 790 5104 t.
816 5016 887 5107 381.
916 5042 939 5104 s.
964 5061 994 5105 a.
