4470 6096
325 414 378 486 26

324 643 447 714 hortis
487 640 828 736 Bentingiano,
888 644 1308 741 Beverningkiano
1365 660 1407 719 et
1444 651 1758 746 Lugdunenri
1791 657 1839 726 ad
1870 660 2032 731 tertium

323 804 545 888 qrrartmnre
568 817 705 864 annum
726 793 901 886 riguisse,
927 805 1009 864 turn
1035 816 1127 867 vero
1147 795 1332 865 incidente
1353 796 1488 867 bruma
1512 802 1688 892 rigidiore
1715 805 1900 874 interiisse
1928 829 2031 875 nar·

324 953 397 1011 rat.
445 940 561 1013 Addit
580 940 750 1036 figuram,
778 962 933 1035 eamque
951 941 1054 1011 haud
1078 942 1401 1036 cpemmdamq,
1433 958 1515 1016 tum
1543 949 1691 1018 arboris
1713 949 1830 1018 adulti
1852 955 2030 1022 tenerio-

325 1112 483 1186 rmnque
505 1089 619 1161 modo
649 1113 672 1160 e
704 1091 845 1203 semine
872 1090 1177 1184 germinantium,
1213 1101 1415 1171 tamarem
1435 1093 1497 1185 *ἢ
1521 1094 1656 1164 ramuli
1676 1094 1845 1166 florentis
1869 1121 1913 1166 ac
1942 1097 2030 1169 fru-

322 1252 470 1333 ctuum3
505 1262 595 1335 quas
620 1238 769 1333 quidem
796 1261 923 1312 ornnes
945 1237 1082 1333 figuras
1108 1240 1445 1336 Zeylancusem
1475 1242 1657 1337 quandam
1679 1243 1912 1316 cinnamomi
1932 1271 2028 1340 spe-

322 1391 418 1461 ciem
441 1390 610 1485 pingere,
644 1410 755 1458 uerno
779 1380 987 1479 dubitabit3
1006 1426 1060 1443 -
1165 1459 1171 1464 .

422 1559 458 1607 2.
483 1535 692 1608 Cassiam
714 1535 918 1630 ligneam
942 1535 1266 1609 seullalabari
1280 1562 1396 1630 cam,
1428 1538 1559 1610 Coruo
1573 1538 1686 1609 Hort
1699 1539 1836 1614 Malaia
1861 1543 1976 1614 Tom.
1991 1568 2025 1615 r.

322 1712 361 1781 p.
389 1708 470 1776 ¹⁰7·
500 1696 529 1755 t
556 1687 632 1778 57,
659 1709 753 1780 quae
778 1687 820 1756 in
844 1685 1137 1777 Malabaria,
1172 1686 1410 1778 Sumatra,
1442 1686 1577 1779 lara,
1609 1692 1722 1784 inque
1745 1691 1876 1761 insulis
1898 1692 2025 1763 Phi-

320 1833 358 1902 li
364 1834 521 1928 ppinis
546 1834 700 1925 nescit,
734 1846 775 1905 et
797 1857 821 1903 a
846 1834 1044 1928 Ceylauica
1066 1847 1210 1906 tantum
1233 1836 1439 1906 acrimonia
1462 1837 1642 1910 suavitate
1668 1849 1706 1907 et
1729 1838 1878 1909 virtutis
1903 1863 2025 1934 prae-

317 1984 456 2053 stantia
478 1983 629 2075 minori,
655 1984 869 2079 neutiquam
894 1982 991 2054 facie
1012 1985 1200 2080 modoque
1223 1985 1415 2057 crescendi
1439 1986 1685 2057 discriminari
1708 1986 1940 2079 perhibetur.

419 2133 562 2205 Similia
576 2135 634 2204 lais
648 2135 798 2226 repetiit
814 2133 1117 2205 Dexbachius
1134 2130 1219 2231 a'),
1234 2135 1344 2206 docte
1359 2135 1407 2206 de
1420 2136 1545 2206 Cassia
1554 2136 1834 2222 Cinnamomea,
1853 2148 1930 2204 tam
1955 2161 2021 2210 re-

318 2298 445 2357 terum
454 2308 563 2380 quam
578 2285 844 2374 recentiorum,
859 2283 1056 2353 disserena:
1096 2281 1299 2377 Distingnit
1315 2295 1391 2354 tres
1403 2283 1468 2354 ifle
1483 2285 1638 2377 species:
1669 2284 2021 2356 cinnamomum

319 2435 460 2506 scilicet
478 2433 580 2528 ceyl
590 2440 779 2522 anenae,
805 2445 884 2502 turn
903 2433 1066 2502 Cassiam
1080 2432 1240 2526 ligneam
1255 2443 1293 2503 et
1304 2432 1536 2526 sylvestrem,
1553 2446 1748 2529 utramque
1763 2459 1786 2506 e
1809 2434 2021 2506 Malabaria

317 2597 357 2656 et
375 2584 464 2660 lara
479 2583 600 2655 insula
614 2581 828 2673 oriundam,
850 2605 970 2675 neque
987 2582 1084 2674 ipsas
1101 2583 1254 2654 arbores
1283 2580 1452 2673 differre,
1474 2582 1541 2653 sed
1562 2582 1643 2652 solo
1666 2594 1704 2653 et
1718 2583 1797 2654 sole
1816 2598 2018 2678 praestan-

318 2735 406 2805 tiam
425 2733 572 2804 corticis
589 2734 629 2802 in
648 2730 805 2805 diversis
825 2729 936 2800 terris
952 2727 1013 2802 rel
1028 2730 1157 2822 augeri
1172 2729 1232 2803 rel
1247 2730 1453 2822 depravari.

418 2882 512 2953 Post
533 2883 625 2953 haec
648 2881 806 2952 historia
831 2879 1067 2948 Cinnamomi
1099 2877 1245 2970 egregie
1269 2890 1377 2949 aneta
1400 2889 1456 2950 est
1480 2900 1595 2973 opera
1618 2877 1800 2970 praeclari
1826 2881 2018 2951 cuiusdam

317 3033 415 3123 riri,
451 3033 517 3127 qui
552 3052 671 3103 annos
701 3029 784 3101 iere
813 3028 1021 3122 quindecim
1057 3025 1351 3098 Procurator
1385 3027 1568 3098 eiusmodi
1598 3029 1732 3096 mercis
1764 3027 1804 3094 iu
1838 3027 2019 3097 Ceilan

318 3184 580 3276 operibusque,
597 3179 744 3249 adeam
761 3175 985 3267 religendam
1009 3174 1213 3262 conductis,
1240 3169 1533 3261 Praefectus,
1559 3173 1600 3242 in
1612 3176 1715 3248 varia
1731 3195 1867 3267 genera
1876 3173 2019 3246 Cinna-

316 3331 432 3402 morni
457 3350 663 3423 corumque
687 3324 973 3394 adulterationes
998 3333 1150 3390 strenue
1174 3319 1409 3414 inquirendo,
1444 3331 1681 3410 augmentum
1710 3321 1884 3415 stipendii
1907 3347 1932 3391 a
1950 3323 2020 3395 So-

312 3484 443 3555 cietate
475 3481 616 3551 Batava
645 3473 791 3545 meruit
870 3469 1112 3541 Transmissis
1144 3468 1244 3540 enim
1273 3470 1320 3538 ab
1348 3469 1420 3540 isto
1452 3471 1534 3542 viro
1567 3470 1820 3562 expertissimo
1851 3470 1900 3539 ad
1924 3469 2019 3542 Al-

315 3635 505 3704 bertum
532 3630 666 3716 Seba,
692 3619 1090 3708 Amatelodamensem,
1129 3617 1406 3713 inclytissimum
1439 3629 1527 3688 tunc
1553 3619 1730 3710 temporis
1754 3619 1897 3709 visun,
1938 3630 2020 3691 tarn

318 3775 548 3848 Canellae
574 3772 693 3844 omnia
718 3773 863 3867 generis
888 3769 1113 3858 historia,
1141 3766 1417 3860 diligentissime
1440 3776 1684 3860 pertractata,
1719 3789 1828 3860 qnam
1852 3765 2019 3838 folio-

317 3950 413 3998 rum
437 3924 734 4019 singulorum
763 3919 1090 4012 corticumque
1124 3917 1327 4012 exemplis,
1363 3915 1446 3986 istic
1468 3911 1532 3983 ille
1557 3924 1687 3984 cuncta
1709 3915 1801 3985 haec
1825 3913 2017 3987 Acade-

314 4077 434 4149 miae
469 4074 512 4143 C.
537 4071 746 4152 Naturae
771 4069 1080 4140 curiosorum
1102 4066 1364 4138 humanissime
1387 4065 1554 4154 tradidit,
1583 4065 1686 4134 cuius
1712 4087 1797 4174 ope,
1833 4086 1928 4171 quae
1953 4066 2016 4138 vir

315 4224 380 4294 ille
396 4224 541 4319 ignotus
566 4220 813 4304 nuntiaverat,
840 4214 956 4285 latino
982 4211 1164 4306 redditae,
1184 4214 1225 4282 in
1248 4209 1472 4285 Actorum
1496 4213 1618 4307 primo
1643 4212 1845 4306 solumina,
1865 4235 2016 4317 appen-

314 4332 407 4445 dicis
426 4373 525 4463 loco,
552 4371 726 4466 leguntur
744 4365 802 4464 τ),
827 4365 980 4436 adiectis
1004 4361 1197 4453 soliorum,
1224 4362 1272 4433 ad
1295 4361 1548 4439 illustrandam
1568 4363 1760 4434 historiam
1779 4359 2022 4455 iacientium,

315 4523 399 4596 fidis
423 4521 598 4594 iconibus.
655 4519 763 4611 Quae
775 4495 871 4589 'cum
895 4539 920 4585 a
946 4515 1132 4609 plerisque
1158 4512 1409 4585 recentiorum
1435 4512 1494 4586 vel
1520 4513 1627 4583 nudis
1654 4512 1777 4587 verbis
1801 4511 2016 4606 exscriptae

313 4739 628 4829 ,utepffia

359 4853 402 4928 ”)
430 4851 452 4910 l.
475 4870 503 4910 c.
528 4869 561 4932 p.
577 4846 649 4911 636.

356 4956 417 5035 aa.)
437 4959 487 5019 De
507 4955 616 5017 Cassia
631 4952 864 5016 Cinnamomea
880 4960 915 5015 et
928 4948 1129 5014 Melabathro
1147 4949 1232 5011 Dias.
1269 4947 1449 5031 Marpurgi‚
1476 4946 1570 5031 1690.·
1607 4945 1756 5031 Repetita
1777 4945 1811 5005 in
1833 4942 2013 5008 Valentini

440 5063 541 5125 Mans
562 5070 648 5125 exot.
663 5060 764 5124 Acad.
784 5060 825 5123 ad
844 5059 926 5122 Hist
943 5059 1049 5144 simpl.
1071 5057 1186 5138 (1716.)
1206 5077 1238 5139 p.
1251 5055 1312 5139 598
1331 5053 1363 5115 ff.

349 5179 386 5254 ἦ)
406 5171 478 5233 Act.
495 5169 555 5233 ae.
570 5169 661 5233 Caes.
681 5167 721 5237 N.
748 5167 826 5231 Cur.
850 5167 927 5234 Vol.
958 5187 983 5227 ι.
1006 5169 1124 5247 (1727.)
1142 5183 1175 5248 p.
1196 5162 1228 5239 4.

288 5334 360 5507 'x
