4470 6096
1092 663 1192 759 §tl

406 864 549 938 cuncta
574 859 674 935 haec
696 863 855 958 denique
880 865 920 936 in
944 866 1083 940 bonum
1100 867 1269 960 ordinem
1289 876 1439 936 strenue
1458 865 1614 971 redegit,
1638 848 1812 953 autorum¹
1830 885 2022 969 synoyme

274 1014 468 1109 ¹pleraque
488 1013 669 1108 concinne
697 1011 933 1105 distribuens,
962 1016 1203 1113 casparus
1226 1013 1485 1107 Bauhinus,
1516 1015 1575 1087 vir
1586 1038 1774 1109 nunquam
1793 977 1880 1087 satia
1899 1017 2022 1111 digne

294 1159 578 1257 extollendusl‘),
592 1162 629 1232 in
643 1159 795 1254 Pinace,
815 1164 983 1258 quoloee
997 1162 1096 1237 forte
1113 1187 1194 1235 nro.
1207 1161 1254 1238 V.
1272 1160 1617 1235 cinnamomum
1636 1166 1873 1236 crassiore
1892 1189 1916 1235 e
1929 1191 1953 1236 o
1965 1187 2014 1236 r-

295 1309 415 1401 tice,
443 1319 577 1379 etnro.
597 1308 664 1380 VI.
689 1310 852 1383 Cassia
876 1313 1034 1411 lignea
1053 1313 1194 1411 ‘fusca
1218 1312 1595 1401 aromaticadicta,
1623 1312 2014 1406 specieise'cundee

264 1541 265 1545 Ἰ
294 1461 434 1529 rectius
455 1458 665 1554 adscriptae
691 1471 823 1531 essent.
850 1501 897 1516 -
934 1462 1023 1535 thr
1052 1473 1108 1533 est
1133 1461 1296 1532 Cassia
1330 1460 1540 1557 inodora
1566 1482 1631 1530 seu
1664 1461 2015 1557 Pseudocaesia

273 1602 548 1699 ¹officinarum3
568 1605 639 1700 III,
655 1609 1014 1681 cinnamomum
1032 1611 1109 1681 sive
1129 1609 1323 1680 Canelle
1342 1609 1610 1702 peruviana,
1633 1608 1739 1679 nobis
1755 1608 2014 1679 canellam

299 1752 449 1823 albam
474 1753 679 1847 significare
705 1757 875 1848 videtur,
916 1757 1108 1851 eidemque
1145 1769 1184 1828 et
1209 1756 1277 1847 IV,
1314 1755 1690 1847 cinnamomum,
1728 1758 1805 1831 sive
1832 1757 2014 1829 Canel-

297 1900 360 1992 la,
389 1901 486 1973 tubis
520 1903 749 1996 minoribus,
785 1905 889 1998 alba,
927 1917 982 1976 est
1008 1868 1272 1998 adscribenda,
1299 1941 1350 1959 -
1398 1901 1699 1973 Malabathro
1738 1915 1861 1975 autem
1893 1918 2013 1999 caput

297 2051 492 2146 proprium
518 2052 654 2127 dicavit
679 2054 722 2124 c.
752 2054 972 2161 Bauhinus.¹

1097 2269 1201 2367 §ll

399 2465 458 2539 Ad
484 2440 716 2564 usqueliaec
740 2479 909 2567 tempora
934 2481 973 2542 et
996 2471 1121 2567 paullo
1145 2473 1247 2545 ultra
1264 2472 1310 2544 ad
1328 2472 1489 2545 medium
1510 2468 1589 2542 fere
1610 2469 1797 2541 saeculum
1816 2470 2014 2541 decimum

199 2631 206 2651 ¹
303 2615 501 2710 septimum
548 2616 843 2690 cinnamomi
888 2630 1036 2712 praeter
1074 2620 1095 2691 s
1103 2620 1249 2692 olium
1293 2644 1409 2691 unum
1451 2620 1657 2691 alterumve
1698 2606 2013 2714 ra-mulerumquc

300 2760 526 2855 fraumenta,
569 2765 615 2833 de
650 2766 783 2858 quibus
815 2767 997 2857 diximus,
1038 2766 1131 2836 nihil
1164 2766 1244 2838 fere
1274 2768 1314 2837 in
1347 2777 1515 2836 nostrum
1548 2768 1677 2837 orbem
1709 2766 1874 2836 delatum
1900 2789 2012 2858 esse,

303 2920 478 2982 autorum
505 2910 732 3004 optimorum
759 2910 908 2981 silentio
931 2913 1067 3004 magis,
1097 2937 1205 3023 quam
1232 2927 1334 2985 certo
1358 2915 1594 3001 testimonio,
1622 2876 1774 2983 constat.

398 3058 569 3131 Primum
578 3070 718 3151 autem,
728 3060 792 3153 qui
804 3060 1169 3155 arborescomplurcs
1177 3061 1285 3133 huius
1294 3065 1453 3153 generis,
1468 3063 1581 3150 cistis,
1597 3072 1698 3131 terra
1712 3058 2018 3153 repletis„inset-
2043 3049 2048 3055 ’

300 3161 409 3297 tane
423 3207 592 3300 Zeylan
610 3206 650 3274 in
670 3203 821 3274 hortum
836 3227 943 3275 suum
958 3205 1059 3278 vivas
1071 3204 1265 3275 transferri
1290 3192 1487 3296 curaverit,
1517 3206 1863 3302 Hieronymum·
1880 3230 1903 3277 n
1921 3208 2016 3305 Be·

302 3353 549 3445 verningk,
574 3354 819 3443 Batavum,
842 3350 969 3442 fuisse,
990 3351 1207 3445 Breynic
1224 3364 1315 3423 teste
1339 3375 1687 3446 commemoramus,
1716 3379 1849 3451 easque
1867 3359 1907 3425 in
1926 3356 2026 3459 istis

305 3499 440 3590 hortis,
469 3499 755 3571 Lockhorsti
780 3499 1024 3591 Batavorum,
1051 3520 1120 3591 per
1144 3499 1286 3593 aliquot
1309 3523 1423 3571 annos
1448 3484 1618 3593 viguisse,
1645 3504 1764 3573 donec
1789 3529 1882 3576 anne
1911 3507 2015 3601 1669

308 3647 439 3717 hiemis
465 3647 701 3721 vehementia
726 3645 905 3742 perirent.
951 3643 1096 3739 Hisque
1123 3645 1292 3739 adiutus,
1318 3623 1460 3718 collatis
1486 3649 1595 3750 etiam
1611 3650 1802 3742 pluribus,
1841 3674 1940 3744 quae
1968 3654 2018 3725 ab

308 3816 405 3865 euno
435 3795 568 3878 1684a
589 3791 886 3863 consiliarie
911 3784 1108 3887 q'uodam
1135 3794 1353 3888 Belgico,
1382 3796 1552 3866 Indiae
1578 3796 1863 3891 Praefecto,
1891 3796 2017 3895 (sup-

279 3918 285 3929 ’
309 3965 436 4036 presso
452 3938 643 4038 nomine),
665 3951 744 4013 tum
759 3963 780 4010 a
794 3939 1153 4047 Beverningkio,
1170 3941 1296 4011 Padb
1308 3964 1431 4033 urgo,
1453 3942 1668 4037 Zeylanensi
1687 3946 1845 4036 medico,
1859 3957 2013 4039 autore,
2062 4026 2072 4035 ,

311 4115 352 4163 se
366 4092 545 4184 accepisse
561 4088 759 4178 fatebatur,
784 4088 885 4157 idem
902 4086 1083 4180 Breynius
1099 4089 1138 4156 in
1160 4088 1520 4178 Ephemeridum
1534 4088 1813 4162 Academiae
1839 4093 1957 4163 Caes
1969 4117 2016 4162 a-

313 4261 428 4335 reae
454 4231 1057 4330 Leopoldino·carolinae
1083 4229 1298 4299 Naturae
1326 4231 1643 4309 curiosorum
1669 4202 2014 4312 Ilecadis1.rlnno

314 4387 381 4460 tv.
415 4384 546 4469 (Anno
576 4379 706 4478 1676.)
738 4407 775 4477 p.
806 4381 875 4474 159
907 4377 1033 4473 paullo
1059 4377 1261 4448 auctiorem
1293 4378 1527 4452 Cinnamomi
1552 4385 1697 4457 arboris
1721 4388 2016 4480 descriptionem

316 4532 493 4610 condidit.
542 4534 594 4604 Et
631 4527 822 4622 distinguit
853 4525 1003 4621 quidem
1025 4525 1244 4619 praesertim
1277 4535 1367 4616 tres,
1404 4527 1494 4599 lieet
1520 4555 1647 4604 omnes
1673 4560 1733 4605 eas
1758 4533 2012 4627 conclliferas,

313 4680 518 4780 peculiares
542 4689 665 4749 tamen
690 4677 867 4748 arborum
891 4673 1044 4768 species,
1072 4693 1229 4766 quarum
1254 4670 1408 4746 altera
1434 4677 1811 4772 Cinnamcmum,
1851 4683 2017 4755 altera

318 4823 867 4901 canellamseuCassiam
891 4812 1097 4916 ligneam
1123 4818 1369 4916 officinarum,
1397 4827 1550 4897 tertia
1574 4841 1697 4901 autem
1717 4828 2019 4907 Melabathri

316 5011 631 5035 ..ιρι-...κοικ-

360 5092 389 5169 *l
409 5088 483 5156 Pin.
505 5088 621 5171 (1671)
647 5107 679 5170 p.
700 5082 764 5164 408
784 5090 818 5146 el
834 5079 907 5167 409.
929 5079 954 5144 l.
976 5081 1017 5143 11.
1135 5153 1141 5157 .

740 5357 743 5363 ¹
813 5388 834 5428 e
