<?xml version="1.0" encoding="UTF-8"?>
<!DOCTYPE html PUBLIC "-//W3C//DTD XHTML 1.0 Transitional//EN"
    "http://www.w3.org/TR/xhtml1/DTD/xhtml1-transitional.dtd">
<html xmlns="http://www.w3.org/1999/xhtml" xml:lang="en" lang="en">
 <head>
  <title>
</title>
<meta http-equiv="Content-Type" content="text/html;charset=utf-8" />
  <meta name='ocr-system' content='tesseract 3.04.00' />
  <meta name='ocr-capabilities' content='ocr_page ocr_carea ocr_par ocr_line ocrx_word'/>
</head>
<body>
  <div class='ocr_page' id='page_1' title='image "./decinnamomodisp00esengoog_0074.png"; bbox 0 0 4470 6096; ppageno 0'>
   <div class='ocr_carea' id='block_1_1' title="bbox 412 461 461 532">
    <p class='ocr_par' dir='ltr' id='par_1_1' title="bbox 412 461 461 532">
     <span class='ocr_line' id='line_1_1' title="bbox 412 461 461 532; baseline -0.041 0"><span class='ocrx_word' id='word_1_1' title='bbox 412 461 461 532; x_wconf 80' lang='lat'><strong>52</strong></span> 
     </span>
    </p>
   </div>
   <div class='ocr_carea' id='block_1_2' title="bbox 415 649 2119 922">
    <p class='ocr_par' dir='ltr' id='par_1_2' title="bbox 415 649 2119 922">
     <span class='ocr_line' id='line_1_2' title="bbox 416 649 2118 774; baseline 0.001 -21"><span class='ocrx_word' id='word_1_2' title='bbox 416 685 485 753; x_wconf 86' lang='lat' dir='ltr'><strong>hae</strong></span> <span class='ocrx_word' id='word_1_3' title='bbox 513 679 708 774; x_wconf 80' lang='lat' dir='ltr'><strong>glandulae</strong></span> <span class='ocrx_word' id='word_1_4' title='bbox 732 679 867 751; x_wconf 86' lang='lat' dir='ltr'><strong>merito</strong></span> <span class='ocrx_word' id='word_1_5' title='bbox 891 697 962 773; x_wconf 87' lang='lat' dir='ltr'><strong>pro</strong></span> <span class='ocrx_word' id='word_1_6' title='bbox 986 649 1203 748; x_wconf 76' lang='lat' dir='ltr'><strong>staminibui</strong></span> <span class='ocrx_word' id='word_1_7' title='bbox 1225 674 1403 751; x_wconf 75' lang='lat' dir='ltr'>abortivis</span> <span class='ocrx_word' id='word_1_8' title='bbox 1421 673 1611 749; x_wconf 78' lang='lat' dir='ltr'><strong>habendae</strong></span> <span class='ocrx_word' id='word_1_9' title='bbox 1626 679 1711 769; x_wconf 89' lang='lat' dir='ltr'><strong>sint,</strong></span> <span class='ocrx_word' id='word_1_10' title='bbox 1731 681 1865 752; x_wconf 87' lang='lat' dir='ltr'><strong>Lauris</strong></span> <span class='ocrx_word' id='word_1_11' title='bbox 1887 685 2022 754; x_wconf 86' lang='lat' dir='ltr'><strong>rectius</strong></span> <span class='ocrx_word' id='word_1_12' title='bbox 2042 685 2118 755; x_wconf 82' lang='lat' dir='ltr'><strong>ad-</strong></span> 
     </span>
     <span class='ocr_line' id='line_1_3' title="bbox 415 821 2119 922; baseline -0.002 -18"><span class='ocrx_word' id='word_1_13' title='bbox 415 821 630 904; x_wconf 84' lang='lat' dir='ltr'><strong>scribuntur</strong></span> <span class='ocrx_word' id='word_1_14' title='bbox 653 832 809 901; x_wconf 82' lang='lat' dir='ltr'><strong>stamina</strong></span> <span class='ocrx_word' id='word_1_15' title='bbox 837 832 904 921; x_wconf 83' lang='lat'><strong>18,</strong></span> <span class='ocrx_word' id='word_1_16' title='bbox 939 827 1077 922; x_wconf 87' lang='lat' dir='ltr'><strong>triplici</strong></span> <span class='ocrx_word' id='word_1_17' title='bbox 1102 827 1233 897; x_wconf 91' lang='lat' dir='ltr'><strong>ordine</strong></span> <span class='ocrx_word' id='word_1_18' title='bbox 1257 830 1309 897; x_wconf 89' lang='lat' dir='ltr'><strong>ita</strong></span> <span class='ocrx_word' id='word_1_19' title='bbox 1335 825 1530 920; x_wconf 86' lang='lat' dir='ltr'><strong>disposita,</strong></span> <span class='ocrx_word' id='word_1_20' title='bbox 1564 838 1607 897; x_wconf 90' lang='lat' dir='ltr'><strong>ut</strong></span> <span class='ocrx_word' id='word_1_21' title='bbox 1635 850 1703 898; x_wconf 80' lang='lat' dir='ltr'><strong>aex</strong></span> <span class='ocrx_word' id='word_1_22' title='bbox 1728 830 1974 902; x_wconf 76' lang='lat' dir='ltr'>exterioribus</span> <span class='ocrx_word' id='word_1_23' title='bbox 1993 830 2119 901; x_wconf 66' lang='lat' dir='ltr'><strong>terti*-</strong></span> 
     </span>
    </p>
   </div>
   <div class='ocr_carea' id='block_1_3' title="bbox 418 974 2119 1071">
    <p class='ocr_par' dir='ltr' id='par_1_3' title="bbox 418 974 2119 1071">
     <span class='ocr_line' id='line_1_4' title="bbox 418 974 2119 1071; baseline 0.001 -22"><span class='ocrx_word' id='word_1_24' title='bbox 418 979 515 1049; x_wconf 91' lang='lat' dir='ltr'><strong>libus</strong></span> <span class='ocrx_word' id='word_1_25' title='bbox 549 977 728 1049; x_wconf 86' lang='lat' dir='ltr'><strong>secundus</strong></span> <span class='ocrx_word' id='word_1_26' title='bbox 759 976 852 1046; x_wconf 88' lang='lat' dir='ltr'><strong>ordo</strong></span> <span class='ocrx_word' id='word_1_27' title='bbox 878 975 1061 1045; x_wconf 90' lang='lat' dir='ltr'><strong>sterilium</strong></span> <span class='ocrx_word' id='word_1_28' title='bbox 1091 974 1302 1046; x_wconf 80' lang='lat' dir='ltr'><strong>alternatim</strong></span> <span class='ocrx_word' id='word_1_29' title='bbox 1327 977 1571 1071; x_wconf 81' lang='lat' dir='ltr'><strong>respondeat,</strong></span> <span class='ocrx_word' id='word_1_30' title='bbox 1603 988 1683 1047; x_wconf 90' lang='lat' dir='ltr'><strong>tum</strong></span> <span class='ocrx_word' id='word_1_31' title='bbox 1712 981 1843 1048; x_wconf 88' lang='lat' dir='ltr'><strong>tertius</strong></span> <span class='ocrx_word' id='word_1_32' title='bbox 1870 981 1964 1051; x_wconf 90' lang='lat' dir='ltr'><strong>ordo</strong></span> <span class='ocrx_word' id='word_1_33' title='bbox 1989 1003 2010 1050; x_wconf 91' lang='lat' dir='ltr'><strong>e</strong></span> <span class='ocrx_word' id='word_1_34' title='bbox 2033 991 2119 1050; x_wconf 87' lang='lat' dir='ltr'><strong>eta·</strong></span> 
     </span>
    </p>
   </div>
   <div class='ocr_carea' id='block_1_4' title="bbox 419 1090 2116 1271">
    <p class='ocr_par' dir='ltr' id='par_1_4' title="bbox 419 1090 2116 1271">
     <span class='ocr_line' id='line_1_5' title="bbox 419 1090 2116 1271; baseline -0.004 -69"><span class='ocrx_word' id='word_1_35' title='bbox 419 1130 579 1202; x_wconf 78' lang='lat' dir='ltr'>minibus</span> <span class='ocrx_word' id='word_1_36' title='bbox 612 1127 799 1199; x_wconf 82' lang='lat' dir='ltr'><strong>sterilibus</strong></span> <span class='ocrx_word' id='word_1_37' title='bbox 819 1125 1091 1261; x_wconf 52' lang='lat' dir='ltr'><strong>&#39;soffilibusque</strong></span> <span class='ocrx_word' id='word_1_38' title='bbox 1128 1121 1308 1218; x_wconf 88' lang='lat' dir='ltr'><strong>constet.)</strong></span> <span class='ocrx_word' id='word_1_39' title='bbox 1358 1090 1528 1193; x_wconf 61' lang='lat' dir='ltr'><strong>Germdh</strong></span> <span class='ocrx_word' id='word_1_40' title='bbox 1557 1121 1839 1271; x_wconf 47' lang='lat' dir='ltr'><strong>auwbosum,</strong></span> <span class='ocrx_word' id='word_1_41' title='bbox 1868 1125 2116 1215; x_wconf 60' lang='lat' dir='ltr'><strong>uniloculaue,</strong></span> 
     </span>
    </p>
   </div>
   <div class='ocr_carea' id='block_1_5' title="bbox 418 1270 2119 1367">
    <p class='ocr_par' dir='ltr' id='par_1_5' title="bbox 418 1270 2119 1367">
     <span class='ocr_line' id='line_1_6' title="bbox 418 1270 2119 1367; baseline -0.002 -20"><span class='ocrx_word' id='word_1_42' title='bbox 418 1276 535 1351; x_wconf 88' lang='lat' dir='ltr'><strong>fundo</strong></span> <span class='ocrx_word' id='word_1_43' title='bbox 560 1275 720 1345; x_wconf 88' lang='lat' dir='ltr'><strong>corollae</strong></span> <span class='ocrx_word' id='word_1_44' title='bbox 744 1276 981 1363; x_wconf 88' lang='lat' dir='ltr'><strong>immersum,</strong></span> <span class='ocrx_word' id='word_1_45' title='bbox 1008 1273 1197 1364; x_wconf 70' lang='lat' dir='ltr'><strong>glabrmn,</strong></span> <span class='ocrx_word' id='word_1_46' title='bbox 1224 1271 1355 1347; x_wconf 84' lang='lat' dir='ltr'><strong>viride.</strong></span> <span class='ocrx_word' id='word_1_47' title='bbox 1393 1270 1517 1363; x_wconf 87' lang='lat' dir='ltr'><strong>Stylus</strong></span> <span class='ocrx_word' id='word_1_48' title='bbox 1542 1280 1664 1361; x_wconf 88' lang='lat' dir='ltr'><strong>teres,</strong></span> <span class='ocrx_word' id='word_1_49' title='bbox 1691 1271 1920 1367; x_wconf 82' lang='lat' dir='ltr'><strong>longitudine</strong></span> <span class='ocrx_word' id='word_1_50' title='bbox 1945 1272 2119 1344; x_wconf 82' lang='lat' dir='ltr'><strong>filamen-</strong></span> 
     </span>
    </p>
   </div>
   <div class='ocr_carea' id='block_1_6' title="bbox 419 1415 2111 1523">
    <p class='ocr_par' dir='ltr' id='par_1_6' title="bbox 419 1415 2111 1523">
     <span class='ocr_line' id='line_1_7' title="bbox 419 1415 2111 1523; baseline -0.004 -29"><span class='ocrx_word' id='word_1_51' title='bbox 419 1436 567 1523; x_wconf 86' lang='lat' dir='ltr'><strong>torum,</strong></span> <span class='ocrx_word' id='word_1_52' title='bbox 606 1423 774 1515; x_wconf 84' lang='lat' dir='ltr'><strong>stigmate</strong></span> <span class='ocrx_word' id='word_1_53' title='bbox 808 1422 965 1514; x_wconf 88' lang='lat' dir='ltr'><strong>capitato</strong></span> <span class='ocrx_word' id='word_1_54' title='bbox 998 1419 1214 1512; x_wconf 86' lang='lat' dir='ltr'><strong>triangulari</strong></span> <span class='ocrx_word' id='word_1_55' title='bbox 1239 1415 1437 1488; x_wconf 87' lang='lat' dir='ltr'><strong>flocculoso</strong></span> <span class='ocrx_word' id='word_1_56' title='bbox 1473 1417 1626 1487; x_wconf 90' lang='lat' dir='ltr'><strong>candido</strong></span> <span class='ocrx_word' id='word_1_57' title='bbox 1651 1417 1880 1523; x_wconf 62' lang='lat' dir='ltr'><strong>terminatus,</strong></span> <span class='ocrx_word' id='word_1_58' title='bbox 1931 1418 2111 1488; x_wconf 85' lang='lat' dir='ltr'><strong>Fructus:</strong></span> 
     </span>
    </p>
   </div>
   <div class='ocr_carea' id='block_1_7' title="bbox 419 1567 2117 1666">
    <p class='ocr_par' dir='ltr' id='par_1_7' title="bbox 419 1567 2117 1666">
     <span class='ocr_line' id='line_1_8' title="bbox 419 1567 2117 1666; baseline -0.002 -21"><span class='ocrx_word' id='word_1_59' title='bbox 419 1577 531 1645; x_wconf 88' lang='lat' dir='ltr'><strong>bacea</strong></span> <span class='ocrx_word' id='word_1_60' title='bbox 556 1572 685 1664; x_wconf 83' lang='lat' dir='ltr'><strong>oralia,</strong></span> <span class='ocrx_word' id='word_1_61' title='bbox 713 1572 842 1665; x_wconf 55' lang='lat' dir='ltr'><strong>glandi</strong></span> <span class='ocrx_word' id='word_1_62' title='bbox 861 1593 1016 1666; x_wconf 90' lang='lat' dir='ltr'><strong>quercus</strong></span> <span class='ocrx_word' id='word_1_63' title='bbox 1050 1581 1199 1640; x_wconf 86' lang='lat' dir='ltr'><strong>nostrae</strong></span> <span class='ocrx_word' id='word_1_64' title='bbox 1224 1591 1403 1663; x_wconf 85' lang='lat' dir='ltr'><strong>perquam</strong></span> <span class='ocrx_word' id='word_1_65' title='bbox 1429 1567 1572 1659; x_wconf 89' lang='lat' dir='ltr'><strong>similis,</strong></span> <span class='ocrx_word' id='word_1_66' title='bbox 1602 1571 1623 1640; x_wconf 89' lang='lat'>8</span> <span class='ocrx_word' id='word_1_67' title='bbox 1649 1568 1765 1640; x_wconf 87' lang='lat' dir='ltr'><strong>lineas</strong></span> <span class='ocrx_word' id='word_1_68' title='bbox 1794 1569 1916 1662; x_wconf 89' lang='lat' dir='ltr'><strong>longa,</strong></span> <span class='ocrx_word' id='word_1_69' title='bbox 1946 1570 2117 1642; x_wconf 86' lang='lat' dir='ltr'><strong>5lineae</strong></span> 
     </span>
    </p>
   </div>
   <div class='ocr_carea' id='block_1_8' title="bbox 291 1715 1585 1810">
    <p class='ocr_par' dir='ltr' id='par_1_8' title="bbox 291 1715 1585 1810">
     <span class='ocr_line' id='line_1_9' title="bbox 291 1715 1585 1810; baseline -0.003 -20"><span class='ocrx_word' id='word_1_70' title='bbox 291 1786 293 1790; x_wconf 87' lang='lat'>.</span> <span class='ocrx_word' id='word_1_71' title='bbox 421 1717 517 1809; x_wconf 88' lang='lat' dir='ltr'><strong>lata,</strong></span> <span class='ocrx_word' id='word_1_72' title='bbox 555 1715 712 1810; x_wconf 86' lang='lat' dir='ltr'><strong>cupulae</strong></span> <span class='ocrx_word' id='word_1_73' title='bbox 737 1716 927 1810; x_wconf 86' lang='lat' dir='ltr'><strong>angulatae</strong></span> <span class='ocrx_word' id='word_1_74' title='bbox 952 1716 1128 1810; x_wconf 88' lang='lat' dir='ltr'><strong>apioeque</strong></span> <span class='ocrx_word' id='word_1_75' title='bbox 1153 1717 1390 1788; x_wconf 84' lang='lat' dir='ltr'><strong>sexdentatae</strong></span> <span class='ocrx_word' id='word_1_76' title='bbox 1413 1716 1585 1788; x_wconf 90' lang='lat' dir='ltr'><strong>insidens.</strong></span> 
     </span>
    </p>
   </div>
   <div class='ocr_carea' id='block_1_9' title="bbox 303 1863 2131 5211">
    <p class='ocr_par' dir='ltr' id='par_1_9' title="bbox 381 1863 2121 2137">
     <span class='ocr_line' id='line_1_10' title="bbox 521 1863 2121 1962; baseline 0.001 -25"><span class='ocrx_word' id='word_1_77' title='bbox 521 1868 627 1939; x_wconf 83' lang='lat' dir='ltr'><strong>Oba.</strong></span> <span class='ocrx_word' id='word_1_78' title='bbox 659 1868 789 1938; x_wconf 89' lang='lat' dir='ltr'><strong>Flores</strong></span> <span class='ocrx_word' id='word_1_79' title='bbox 825 1867 949 1936; x_wconf 90' lang='lat' dir='ltr'><strong>diurni</strong></span> <span class='ocrx_word' id='word_1_80' title='bbox 980 1888 1048 1960; x_wconf 86' lang='lat' dir='ltr'><strong>per</strong></span> <span class='ocrx_word' id='word_1_81' title='bbox 1083 1889 1216 1961; x_wconf 86' lang='lat' dir='ltr'><strong>paucas</strong></span> <span class='ocrx_word' id='word_1_82' title='bbox 1250 1868 1361 1937; x_wconf 86' lang='lat' dir='ltr'><strong>horas</strong></span> <span class='ocrx_word' id='word_1_83' title='bbox 1395 1879 1538 1938; x_wconf 90' lang='lat' dir='ltr'><strong>tantum</strong></span> <span class='ocrx_word' id='word_1_84' title='bbox 1575 1890 1653 1937; x_wconf 89' lang='lat' dir='ltr'><strong>sese</strong></span> <span class='ocrx_word' id='word_1_85' title='bbox 1687 1863 1858 1960; x_wconf 89' lang='lat' dir='ltr'><strong>aperiunt</strong></span> <span class='ocrx_word' id='word_1_86' title='bbox 1887 1865 2121 1962; x_wconf 87' lang='lat' dir='ltr'><strong>odoremque</strong></span> 
     </span>
     <span class='ocr_line' id='line_1_11' title="bbox 381 1977 1595 2137; baseline -0.002 -47"><span class='ocrx_word' id='word_1_87' title='bbox 381 2024 389 2043; x_wconf 87' lang='grc'><em>“</em></span> <span class='ocrx_word' id='word_1_88' title='bbox 418 2019 654 2137; x_wconf 58' lang='lat' dir='ltr'><strong>singularem,</strong></span> <span class='ocrx_word' id='word_1_89' title='bbox 682 2042 705 2086; x_wconf 89' lang='lat' dir='ltr'><strong>a</strong></span> <span class='ocrx_word' id='word_1_90' title='bbox 729 2016 873 2086; x_wconf 91' lang='lat' dir='ltr'><strong>Linneo</strong></span> <span class='ocrx_word' id='word_1_91' title='bbox 900 1977 1234 2110; x_wconf 33' lang='lat' dir='ltr'><strong>spermatiou&#39;m</strong></span> <span class='ocrx_word' id='word_1_92' title='bbox 1260 2019 1418 2108; x_wconf 88' lang='lat' dir='ltr'><strong>dictum,</strong></span> <span class='ocrx_word' id='word_1_93' title='bbox 1445 2019 1595 2113; x_wconf 84' lang='lat' dir='ltr'><strong>spirant</strong></span> 
     </span>
    </p>

    <p class='ocr_par' dir='ltr' id='par_1_10' title="bbox 421 2161 2124 2682">
     <span class='ocr_line' id='line_1_12' title="bbox 521 2161 2121 2287; baseline 0.001 -53"><span class='ocrx_word' id='word_1_94' title='bbox 521 2164 788 2287; x_wconf 55' lang='lat' dir='ltr'><strong>Sapor·gratus</strong></span> <span class='ocrx_word' id='word_1_95' title='bbox 815 2161 1047 2231; x_wconf 87' lang='lat' dir='ltr'><strong>Cinnamomi</strong></span> <span class='ocrx_word' id='word_1_96' title='bbox 1072 2163 1111 2231; x_wconf 92' lang='lat' dir='ltr'><strong>in</strong></span> <span class='ocrx_word' id='word_1_97' title='bbox 1135 2163 1281 2256; x_wconf 90' lang='lat' dir='ltr'><strong>petiolis</strong></span> <span class='ocrx_word' id='word_1_98' title='bbox 1316 2178 1353 2237; x_wconf 90' lang='lat' dir='ltr'><strong>et</strong></span> <span class='ocrx_word' id='word_1_99' title='bbox 1380 2167 1518 2238; x_wconf 87' lang='lat' dir='ltr'><strong>cortice</strong></span> <span class='ocrx_word' id='word_1_100' title='bbox 1543 2167 1630 2237; x_wconf 87' lang='lat' dir='ltr'><strong>satis</strong></span> <span class='ocrx_word' id='word_1_101' title='bbox 1655 2164 1805 2239; x_wconf 84' lang='lat' dir='ltr'><strong>evidens</strong></span> <span class='ocrx_word' id='word_1_102' title='bbox 1830 2173 1868 2234; x_wconf 90' lang='lat' dir='ltr'><strong>et</strong></span> <span class='ocrx_word' id='word_1_103' title='bbox 1888 2185 2020 2258; x_wconf 89' lang='lat' dir='ltr'><strong>parum</strong></span> <span class='ocrx_word' id='word_1_104' title='bbox 2036 2186 2121 2236; x_wconf 87' lang='lat' dir='ltr'><strong>mu-</strong></span> 
     </span>
     <span class='ocr_line' id='line_1_13' title="bbox 422 2309 2124 2405; baseline -0.001 -24"><span class='ocrx_word' id='word_1_105' title='bbox 422 2311 654 2405; x_wconf 80' lang='lat' dir='ltr'><strong>cilaginosus.</strong></span> <span class='ocrx_word' id='word_1_106' title='bbox 676 2310 747 2381; x_wconf 62' lang='lat' dir='ltr'><strong>*In</strong></span> <span class='ocrx_word' id='word_1_107' title='bbox 772 2309 980 2400; x_wconf 86' lang='lat' dir='ltr'><strong>arbuscula,</strong></span> <span class='ocrx_word' id='word_1_108' title='bbox 1008 2335 1106 2381; x_wconf 90' lang='lat' dir='ltr'><strong>nunc</strong></span> <span class='ocrx_word' id='word_1_109' title='bbox 1131 2313 1289 2384; x_wconf 89' lang='lat' dir='ltr'><strong>secunda</strong></span> <span class='ocrx_word' id='word_1_110' title='bbox 1316 2316 1395 2386; x_wconf 83' lang='lat' dir='ltr'><strong>vice</strong></span> <span class='ocrx_word' id='word_1_111' title='bbox 1420 2315 1530 2387; x_wconf 85' lang='lat' dir='ltr'><strong>flores</strong></span> <span class='ocrx_word' id='word_1_112' title='bbox 1547 2314 1689 2385; x_wconf 85' lang='lat' dir='ltr'><strong>serente</strong></span> <span class='ocrx_word' id='word_1_113' title='bbox 1702 2366 1714 2403; x_wconf 93' lang='lat'><strong>,</strong></span> <span class='ocrx_word' id='word_1_114' title='bbox 1742 2334 1852 2405; x_wconf 86' lang='lat' dir='ltr'><strong>sapor</strong></span> <span class='ocrx_word' id='word_1_115' title='bbox 1871 2312 1940 2381; x_wconf 88' lang='lat' dir='ltr'><strong>iste</strong></span> <span class='ocrx_word' id='word_1_116' title='bbox 1955 2312 2124 2382; x_wconf 83' lang='lat' dir='ltr'><strong>debilior</strong></span> 
     </span>
     <span class='ocr_line' id='line_1_14' title="bbox 423 2459 2121 2558; baseline -0.005 -24"><span class='ocrx_word' id='word_1_117' title='bbox 423 2464 546 2537; x_wconf 81' lang='lat' dir='ltr'><strong>euasit.</strong></span> <span class='ocrx_word' id='word_1_118' title='bbox 591 2461 699 2533; x_wconf 88' lang='lat' dir='ltr'><strong>Folia</strong></span> <span class='ocrx_word' id='word_1_119' title='bbox 731 2463 866 2533; x_wconf 85' lang='lat' dir='ltr'><strong>siccata</strong></span> <span class='ocrx_word' id='word_1_120' title='bbox 900 2486 1032 2558; x_wconf 89' lang='lat' dir='ltr'><strong>sapore</strong></span> <span class='ocrx_word' id='word_1_121' title='bbox 1066 2464 1224 2556; x_wconf 88' lang='lat' dir='ltr'><strong>gaudent</strong></span> <span class='ocrx_word' id='word_1_122' title='bbox 1251 2465 1455 2536; x_wconf 85' lang='lat' dir='ltr'><strong>aromatico</strong></span> <span class='ocrx_word' id='word_1_123' title='bbox 1499 2463 1597 2553; x_wconf 91' lang='lat' dir='ltr'><strong>acri,</strong></span> <span class='ocrx_word' id='word_1_124' title='bbox 1637 2459 1958 2554; x_wconf 81' lang='lat' dir='ltr'><strong>caryophyllorum</strong></span> <span class='ocrx_word' id='word_1_125' title='bbox 1991 2460 2121 2550; x_wconf 88' lang='lat' dir='ltr'><strong>sapori</strong></span> 
     </span>
     <span class='ocr_line' id='line_1_15' title="bbox 421 2611 620 2682; baseline -0.02 -1"><span class='ocrx_word' id='word_1_126' title='bbox 421 2611 620 2682; x_wconf 82' lang='lat' dir='ltr'><strong>simillimo.</strong></span> 
     </span>
    </p>

    <p class='ocr_par' dir='ltr' id='par_1_11' title="bbox 355 2745 2124 3880">
     <span class='ocr_line' id='line_1_16' title="bbox 519 2745 2120 2848; baseline -0.006 -21"><span class='ocrx_word' id='word_1_127' title='bbox 519 2755 629 2828; x_wconf 84' lang='lat' dir='ltr'><strong>Adn.</strong></span> <span class='ocrx_word' id='word_1_128' title='bbox 656 2754 688 2825; x_wconf 83' lang='grc' dir='ltr'><strong>Ι.</strong></span> <span class='ocrx_word' id='word_1_129' title='bbox 712 2755 921 2846; x_wconf 89' lang='lat' dir='ltr'><strong>Speciminn</strong></span> <span class='ocrx_word' id='word_1_130' title='bbox 958 2752 1150 2848; x_wconf 86' lang='lat' dir='ltr'><strong>Zeylanica</strong></span> <span class='ocrx_word' id='word_1_131' title='bbox 1194 2757 1313 2845; x_wconf 87' lang='lat' dir='ltr'><strong>sicca,</strong></span> <span class='ocrx_word' id='word_1_132' title='bbox 1346 2756 1387 2823; x_wconf 95' lang='lat' dir='ltr'><strong>in</strong></span> <span class='ocrx_word' id='word_1_133' title='bbox 1423 2754 1597 2824; x_wconf 88' lang='lat' dir='ltr'><strong>herbario</strong></span> <span class='ocrx_word' id='word_1_134' title='bbox 1634 2750 1781 2845; x_wconf 83' lang='lat' dir='ltr'><strong>Royeni</strong></span> <span class='ocrx_word' id='word_1_135' title='bbox 1812 2748 1960 2819; x_wconf 90' lang='lat' dir='ltr'><strong>nomine</strong></span> <span class='ocrx_word' id='word_1_136' title='bbox 1995 2745 2120 2818; x_wconf 86' lang='lat' dir='ltr'><strong>Lauri</strong></span> 
     </span>
     <span class='ocr_line' id='line_1_17' title="bbox 355 2890 2120 2998; baseline -0.008 -22"><span class='ocrx_word' id='word_1_137' title='bbox 355 2890 357 2895; x_wconf 69' lang='lat'>‚</span> <span class='ocrx_word' id='word_1_138' title='bbox 422 2906 654 2976; x_wconf 88' lang='lat' dir='ltr'><strong>Cinnamomi</strong></span> <span class='ocrx_word' id='word_1_139' title='bbox 684 2916 849 2992; x_wconf 84' lang='lat' dir='ltr'><strong>servata,</strong></span> <span class='ocrx_word' id='word_1_140' title='bbox 872 2928 964 2998; x_wconf 90' lang='lat' dir='ltr'><strong>quae</strong></span> <span class='ocrx_word' id='word_1_141' title='bbox 989 2905 1204 2998; x_wconf 87' lang='lat' dir='ltr'><strong>benignitati</strong></span> <span class='ocrx_word' id='word_1_142' title='bbox 1218 2906 1251 2975; x_wconf 90' lang='lat' dir='ltr'><strong>b.</strong></span> <span class='ocrx_word' id='word_1_143' title='bbox 1270 2904 1525 2998; x_wconf 89' lang='lat' dir='ltr'><strong>Brugmansii,</strong></span> <span class='ocrx_word' id='word_1_144' title='bbox 1545 2904 1605 2996; x_wconf 90' lang='lat' dir='ltr'><strong>pie</strong></span> <span class='ocrx_word' id='word_1_145' title='bbox 1621 2898 1786 2986; x_wconf 87' lang='lat' dir='ltr'><strong>colendi,</strong></span> <span class='ocrx_word' id='word_1_146' title='bbox 1814 2896 2004 2984; x_wconf 87' lang='lat' dir='ltr'><strong>debemus,</strong></span> <span class='ocrx_word' id='word_1_147' title='bbox 2030 2917 2120 2963; x_wconf 88' lang='lat' dir='ltr'><strong>cum</strong></span> 
     </span>
     <span class='ocr_line' id='line_1_18' title="bbox 422 3043 2121 3146; baseline -0.009 -17"><span class='ocrx_word' id='word_1_148' title='bbox 422 3051 616 3123; x_wconf 84' lang='lat' dir='ltr'><strong>arbuscula</strong></span> <span class='ocrx_word' id='word_1_149' title='bbox 643 3061 768 3120; x_wconf 78' lang='lat' dir='ltr'><strong>nostra</strong></span> <span class='ocrx_word' id='word_1_150' title='bbox 793 3050 841 3117; x_wconf 84' lang='lat' dir='ltr'><strong>ad</strong></span> <span class='ocrx_word' id='word_1_151' title='bbox 867 3051 1036 3119; x_wconf 76' lang='lat' dir='ltr'><strong>amussim</strong></span> <span class='ocrx_word' id='word_1_152' title='bbox 1064 3053 1302 3144; x_wconf 82' lang='lat' dir='ltr'><strong>conveniunt,</strong></span> <span class='ocrx_word' id='word_1_153' title='bbox 1332 3055 1431 3146; x_wconf 85' lang='lat' dir='ltr'><strong>quod</strong></span> <span class='ocrx_word' id='word_1_154' title='bbox 1455 3076 1477 3122; x_wconf 89' lang='lat' dir='ltr'><strong>e</strong></span> <span class='ocrx_word' id='word_1_155' title='bbox 1499 3044 1867 3144; x_wconf 75' lang='lat' dir='ltr'><strong>comparata&#39;rabula</strong></span> <span class='ocrx_word' id='word_1_156' title='bbox 1884 3043 1942 3132; x_wconf 91' lang='grc' dir='ltr'><strong>ΙΙ,</strong></span> <span class='ocrx_word' id='word_1_157' title='bbox 1970 3043 2121 3142; x_wconf 83' lang='lat' dir='ltr'><strong>iconem</strong></span> 
     </span>
     <span class='ocr_line' id='line_1_19' title="bbox 423 3186 2121 3288; baseline -0.008 -20"><span class='ocrx_word' id='word_1_158' title='bbox 423 3200 535 3268; x_wconf 85' lang='lat' dir='ltr'><strong>fidam</strong></span> <span class='ocrx_word' id='word_1_159' title='bbox 568 3196 774 3288; x_wconf 83' lang='lat' dir='ltr'><strong>speciminis</strong></span> <span class='ocrx_word' id='word_1_160' title='bbox 800 3197 909 3264; x_wconf 88' lang='lat' dir='ltr'><strong>huius</strong></span> <span class='ocrx_word' id='word_1_161' title='bbox 948 3197 1161 3284; x_wconf 83' lang='lat' dir='ltr'><strong>exhibente,</strong></span> <span class='ocrx_word' id='word_1_162' title='bbox 1200 3196 1298 3264; x_wconf 88' lang='lat' dir='ltr'><strong>clare</strong></span> <span class='ocrx_word' id='word_1_163' title='bbox 1341 3192 1491 3284; x_wconf 85' lang='lat' dir='ltr'><strong>patebit.</strong></span> <span class='ocrx_word' id='word_1_164' title='bbox 1552 3191 1669 3283; x_wconf 87' lang='lat' dir='ltr'><strong>Sapor</strong></span> <span class='ocrx_word' id='word_1_165' title='bbox 1710 3197 1856 3282; x_wconf 89' lang='lat' dir='ltr'><strong>quoque</strong></span> <span class='ocrx_word' id='word_1_166' title='bbox 1895 3186 2121 3256; x_wconf 78' lang='lat' dir='ltr'><strong>cinnamomi</strong></span> 
     </span>
     <span class='ocr_line' id='line_1_20' title="bbox 425 3331 2121 3433; baseline -0.008 -17"><span class='ocrx_word' id='word_1_167' title='bbox 425 3344 578 3416; x_wconf 77' lang='lat' dir='ltr'><strong>vetustis</strong></span> <span class='ocrx_word' id='word_1_168' title='bbox 604 3344 682 3413; x_wconf 89' lang='lat' dir='ltr'><strong>istis</strong></span> <span class='ocrx_word' id='word_1_169' title='bbox 709 3341 860 3412; x_wconf 91' lang='lat' dir='ltr'><strong>ramulis</strong></span> <span class='ocrx_word' id='word_1_170' title='bbox 887 3342 1031 3433; x_wconf 88' lang='lat' dir='ltr'><strong>integer</strong></span> <span class='ocrx_word' id='word_1_171' title='bbox 1055 3342 1239 3409; x_wconf 84' lang='lat' dir='ltr'><strong>remansit.</strong></span> <span class='ocrx_word' id='word_1_172' title='bbox 1291 3338 1386 3407; x_wconf 87' lang='lat' dir='ltr'><strong>Cum</strong></span> <span class='ocrx_word' id='word_1_173' title='bbox 1412 3339 1452 3407; x_wconf 91' lang='lat' dir='ltr'><strong>in</strong></span> <span class='ocrx_word' id='word_1_174' title='bbox 1477 3337 1650 3407; x_wconf 87' lang='lat' dir='ltr'><strong>herbario</strong></span> <span class='ocrx_word' id='word_1_175' title='bbox 1673 3335 1819 3428; x_wconf 88' lang='lat' dir='ltr'><strong>Royeni</strong></span> <span class='ocrx_word' id='word_1_176' title='bbox 1838 3333 1981 3426; x_wconf 86' lang='lat' dir='ltr'><strong>saepius</strong></span> <span class='ocrx_word' id='word_1_177' title='bbox 2004 3331 2121 3402; x_wconf 88' lang='lat' dir='ltr'><strong>sche-</strong></span> 
     </span>
     <span class='ocr_line' id='line_1_21' title="bbox 424 3475 2122 3583; baseline -0.009 -19"><span class='ocrx_word' id='word_1_178' title='bbox 424 3496 519 3566; x_wconf 83' lang='lat' dir='ltr'><strong>dulis</strong></span> <span class='ocrx_word' id='word_1_179' title='bbox 545 3494 725 3565; x_wconf 84' lang='lat' dir='ltr'><strong>sententia</strong></span> <span class='ocrx_word' id='word_1_180' title='bbox 757 3490 895 3563; x_wconf 77' lang='lat' dir='ltr'><strong>Ltnnei</strong></span> <span class='ocrx_word' id='word_1_181' title='bbox 929 3491 1112 3583; x_wconf 88' lang='lat' dir='ltr'><strong>adscripta</strong></span> <span class='ocrx_word' id='word_1_182' title='bbox 1138 3488 1368 3582; x_wconf 88' lang='lat' dir='ltr'><strong>reperiatur,</strong></span> <span class='ocrx_word' id='word_1_183' title='bbox 1397 3482 1716 3558; x_wconf 84' lang='lat' dir='ltr'><strong>verosimillimum</strong></span> <span class='ocrx_word' id='word_1_184' title='bbox 1740 3482 1903 3569; x_wconf 77' lang='lat' dir='ltr'><strong>videtur,</strong></span> <span class='ocrx_word' id='word_1_185' title='bbox 1923 3475 2122 3549; x_wconf 59' lang='lat' dir='ltr'><strong>‘Linneum</strong></span> 
     </span>
     <span class='ocr_line' id='line_1_22' title="bbox 422 3626 2124 3737; baseline -0.012 -23"><span class='ocrx_word' id='word_1_186' title='bbox 422 3647 564 3737; x_wconf 83' lang='lat' dir='ltr'><strong>ipsum,</strong></span> <span class='ocrx_word' id='word_1_187' title='bbox 593 3663 676 3710; x_wconf 91' lang='lat' dir='ltr'><strong>cum</strong></span> <span class='ocrx_word' id='word_1_188' title='bbox 702 3639 856 3733; x_wconf 76' lang='lat' dir='ltr'><strong>Royeno</strong></span> <span class='ocrx_word' id='word_1_189' title='bbox 881 3635 1058 3708; x_wconf 85' lang='lat' dir='ltr'><strong>familiari</strong></span> <span class='ocrx_word' id='word_1_190' title='bbox 1082 3661 1151 3707; x_wconf 91' lang='lat' dir='ltr'><strong>usu</strong></span> <span class='ocrx_word' id='word_1_191' title='bbox 1175 3638 1361 3725; x_wconf 89' lang='lat' dir='ltr'><strong>iunctum,</strong></span> <span class='ocrx_word' id='word_1_192' title='bbox 1391 3634 1479 3704; x_wconf 88' lang='lat' dir='ltr'><strong>dum</strong></span> <span class='ocrx_word' id='word_1_193' title='bbox 1504 3633 1602 3726; x_wconf 85' lang='lat' dir='ltr'><strong>apud</strong></span> <span class='ocrx_word' id='word_1_194' title='bbox 1621 3632 1778 3705; x_wconf 85' lang='lat' dir='ltr'><strong>Batavos</strong></span> <span class='ocrx_word' id='word_1_195' title='bbox 1804 3629 1973 3722; x_wconf 88' lang='lat' dir='ltr'><strong>degeret,</strong></span> <span class='ocrx_word' id='word_1_196' title='bbox 2000 3626 2124 3718; x_wconf 82' lang='lat' dir='ltr'><strong>speci-</strong></span> 
     </span>
     <span class='ocr_line' id='line_1_23' title="bbox 425 3784 1601 3880; baseline -0.009 -19"><span class='ocrx_word' id='word_1_197' title='bbox 425 3790 619 3861; x_wconf 82' lang='lat' dir='ltr'><strong>minnista</strong></span> <span class='ocrx_word' id='word_1_198' title='bbox 643 3785 934 3880; x_wconf 82' lang='lat' dir='ltr'><strong>vidisseetpro</strong></span> <span class='ocrx_word' id='word_1_199' title='bbox 959 3809 1049 3859; x_wconf 83' lang='lat' dir='ltr'><strong>vero</strong></span> <span class='ocrx_word' id='word_1_200' title='bbox 1075 3786 1120 3855; x_wconf 93' lang='lat' dir='ltr'><strong>L.</strong></span> <span class='ocrx_word' id='word_1_201' title='bbox 1148 3786 1394 3856; x_wconf 90' lang='lat' dir='ltr'><strong>Cinnamomo</strong></span> <span class='ocrx_word' id='word_1_202' title='bbox 1419 3784 1601 3854; x_wconf 81' lang='lat' dir='ltr'><strong>habuisse.</strong></span> 
     </span>
    </p>

    <p class='ocr_par' dir='ltr' id='par_1_12' title="bbox 303 3929 2131 5211">
     <span class='ocr_line' id='line_1_24' title="bbox 525 3929 2122 4030; baseline -0.006 -23"><span class='ocrx_word' id='word_1_203' title='bbox 525 3929 633 4011; x_wconf 83' lang='lat' dir='ltr'><strong>Adn.</strong></span> <span class='ocrx_word' id='word_1_204' title='bbox 660 3936 709 4006; x_wconf 85' lang='grc' dir='ltr'><strong>ΙΙ.</strong></span> <span class='ocrx_word' id='word_1_205' title='bbox 744 3936 839 4005; x_wconf 90' lang='lat' dir='ltr'><strong>Cum</strong></span> <span class='ocrx_word' id='word_1_206' title='bbox 871 3933 1107 4011; x_wconf 77' lang='lat' dir='ltr'><strong>Marshallius</strong></span> <span class='ocrx_word' id='word_1_207' title='bbox 1132 3936 1171 4006; x_wconf 91' lang='lat' dir='ltr'><strong>in</strong></span> <span class='ocrx_word' id='word_1_208' title='bbox 1205 3936 1452 4030; x_wconf 88' lang='lat' dir='ltr'><strong>descriptione</strong></span> <span class='ocrx_word' id='word_1_209' title='bbox 1485 3934 1603 4005; x_wconf 85' lang='lat' dir='ltr'><strong>Lauri</strong></span> <span class='ocrx_word' id='word_1_210' title='bbox 1638 3930 1896 4021; x_wconf 75' lang='lat' dir='ltr'><strong>cinnamomi,¹</strong></span> <span class='ocrx_word' id='word_1_211' title='bbox 1929 3929 1955 4000; x_wconf 91' lang='lat' dir='ltr'><strong>l.</strong></span> <span class='ocrx_word' id='word_1_212' title='bbox 1992 3953 2023 3999; x_wconf 88' lang='lat' dir='ltr'><strong>c.</strong></span> <span class='ocrx_word' id='word_1_213' title='bbox 2051 3930 2122 3999; x_wconf 88' lang='lat' dir='ltr'><strong>im·</strong></span> 
     </span>
     <span class='ocr_line' id='line_1_25' title="bbox 424 4076 2123 4179; baseline -0.003 -26"><span class='ocrx_word' id='word_1_214' title='bbox 424 4105 563 4179; x_wconf 82' lang='lat' dir='ltr'><strong>pressa,</strong></span> <span class='ocrx_word' id='word_1_215' title='bbox 599 4080 690 4153; x_wconf 79' lang='lat' dir='ltr'><strong>folia</strong></span> <span class='ocrx_word' id='word_1_216' title='bbox 723 4080 887 4177; x_wconf 33' lang='lat' dir='ltr'><strong>oblonga·</strong></span> <span class='ocrx_word' id='word_1_217' title='bbox 906 4081 1078 4172; x_wconf 89' lang='lat' dir='ltr'><strong>utrinque</strong></span> <span class='ocrx_word' id='word_1_218' title='bbox 1110 4083 1286 4155; x_wconf 86' lang='lat' dir='ltr'><strong>subacuta</strong></span> <span class='ocrx_word' id='word_1_219' title='bbox 1322 4092 1426 4178; x_wconf 84' lang='lat'><strong>6-9</strong></span> <span class='ocrx_word' id='word_1_220' title='bbox 1452 4083 1578 4154; x_wconf 87' lang='lat' dir='ltr'><strong>uncias</strong></span> <span class='ocrx_word' id='word_1_221' title='bbox 1609 4083 1718 4175; x_wconf 88' lang='lat' dir='ltr'><strong>longa</strong></span> <span class='ocrx_word' id='word_1_222' title='bbox 1751 4081 1851 4151; x_wconf 79' lang='lat'><strong>2·5</strong></span> <span class='ocrx_word' id='word_1_223' title='bbox 1884 4078 2011 4150; x_wconf 86' lang='lat' dir='ltr'><strong>uncias</strong></span> <span class='ocrx_word' id='word_1_224' title='bbox 2045 4076 2123 4148; x_wconf 82' lang='lat' dir='ltr'><strong>lata</strong></span> 
     </span>
     <span class='ocr_line' id='line_1_26' title="bbox 425 4225 2123 4326; baseline -0.006 -22"><span class='ocrx_word' id='word_1_225' title='bbox 425 4232 643 4318; x_wconf 84' lang='lat' dir='ltr'><strong>tradiderit,</strong></span> <span class='ocrx_word' id='word_1_226' title='bbox 665 4239 792 4298; x_wconf 87' lang='lat' dir='ltr'><strong>utrum</strong></span> <span class='ocrx_word' id='word_1_227' title='bbox 807 4230 980 4300; x_wconf 88' lang='lat' dir='ltr'><strong>arborem</strong></span> <span class='ocrx_word' id='word_1_228' title='bbox 995 4240 1181 4320; x_wconf 86' lang='lat' dir='ltr'><strong>nostram,</strong></span> <span class='ocrx_word' id='word_1_229' title='bbox 1210 4255 1257 4300; x_wconf 90' lang='lat' dir='ltr'><strong>an</strong></span> <span class='ocrx_word' id='word_1_230' title='bbox 1271 4231 1392 4326; x_wconf 87' lang='lat' dir='ltr'><strong>potius</strong></span> <span class='ocrx_word' id='word_1_231' title='bbox 1416 4230 1584 4302; x_wconf 89' lang='lat' dir='ltr'><strong>Laurum</strong></span> <span class='ocrx_word' id='word_1_232' title='bbox 1606 4232 1767 4302; x_wconf 86' lang='lat' dir='ltr'><strong>Cassiam</strong></span> <span class='ocrx_word' id='word_1_233' title='bbox 1785 4229 1871 4300; x_wconf 91' lang='lat' dir='ltr'><strong>Lin.</strong></span> <span class='ocrx_word' id='word_1_234' title='bbox 1889 4239 1975 4300; x_wconf 89' lang='lat' dir='ltr'><strong>ante</strong></span> <span class='ocrx_word' id='word_1_235' title='bbox 1991 4225 2123 4298; x_wconf 82' lang='lat' dir='ltr'><strong>oculos</strong></span> 
     </span>
     <span class='ocr_line' id='line_1_27' title="bbox 426 4371 2125 4474; baseline -0.004 -27"><span class='ocrx_word' id='word_1_236' title='bbox 426 4377 610 4466; x_wconf 89' lang='lat' dir='ltr'><strong>habuerit,</strong></span> <span class='ocrx_word' id='word_1_237' title='bbox 638 4377 756 4445; x_wconf 88' lang='lat' dir='ltr'><strong>adhuc</strong></span> <span class='ocrx_word' id='word_1_238' title='bbox 781 4375 940 4445; x_wconf 87' lang='lat' dir='ltr'><strong>dubitari</strong></span> <span class='ocrx_word' id='word_1_239' title='bbox 958 4377 1093 4470; x_wconf 88' lang='lat' dir='ltr'><strong>possit,</strong></span> <span class='ocrx_word' id='word_1_240' title='bbox 1121 4376 1192 4449; x_wconf 91' lang='lat' dir='ltr'><strong>nisi</strong></span> <span class='ocrx_word' id='word_1_241' title='bbox 1214 4375 1314 4449; x_wconf 86' lang='lat' dir='ltr'><strong>foliis</strong></span> <span class='ocrx_word' id='word_1_242' title='bbox 1335 4378 1412 4451; x_wconf 86' lang='lat' dir='ltr'><strong>istis</strong></span> <span class='ocrx_word' id='word_1_243' title='bbox 1434 4401 1543 4474; x_wconf 78' lang='lat' dir='ltr'><strong>sapor</strong></span> <span class='ocrx_word' id='word_1_244' title='bbox 1558 4380 1777 4449; x_wconf 88' lang='lat' dir='ltr'><strong>aromaticus</strong></span> <span class='ocrx_word' id='word_1_245' title='bbox 1793 4371 2125 4471; x_wconf 84' lang='lat' dir='ltr'><strong>caryophyllorum</strong></span> 
     </span>
     <span class='ocr_line' id='line_1_28' title="bbox 429 4519 2123 4621; baseline -0.002 -28"><span class='ocrx_word' id='word_1_246' title='bbox 429 4523 476 4593; x_wconf 89' lang='lat' dir='ltr'><strong>ab</strong></span> <span class='ocrx_word' id='word_1_247' title='bbox 491 4545 535 4592; x_wconf 89' lang='lat' dir='ltr'><strong>eo</strong></span> <span class='ocrx_word' id='word_1_248' title='bbox 551 4520 840 4612; x_wconf 82' lang='lat' dir='ltr'><strong>adscriberetur,</strong></span> <span class='ocrx_word' id='word_1_249' title='bbox 861 4519 960 4615; x_wconf 88' lang='lat' dir='ltr'><strong>quod</strong></span> <span class='ocrx_word' id='word_1_250' title='bbox 985 4521 1031 4591; x_wconf 90' lang='lat' dir='ltr'><strong>de</strong></span> <span class='ocrx_word' id='word_1_251' title='bbox 1056 4522 1101 4591; x_wconf 91' lang='lat' dir='ltr'><strong>L.</strong></span> <span class='ocrx_word' id='word_1_252' title='bbox 1131 4524 1278 4597; x_wconf 86' lang='lat' dir='ltr'><strong>Cassiae</strong></span> <span class='ocrx_word' id='word_1_253' title='bbox 1302 4525 1402 4599; x_wconf 84' lang='lat' dir='ltr'><strong>loliis</strong></span> <span class='ocrx_word' id='word_1_254' title='bbox 1428 4529 1502 4599; x_wconf 87' lang='lat' dir='ltr'><strong>dici</strong></span> <span class='ocrx_word' id='word_1_255' title='bbox 1526 4527 1664 4621; x_wconf 82' lang='lat' dir='ltr'><strong>nequit.</strong></span> <span class='ocrx_word' id='word_1_256' title='bbox 1706 4525 1864 4620; x_wconf 86' lang='lat' dir='ltr'><strong>Reliqua</strong></span> <span class='ocrx_word' id='word_1_257' title='bbox 1887 4520 2123 4593; x_wconf 76' lang='lat' dir='ltr'><strong>conveniunt.</strong></span> 
     </span>
     <span class='ocr_line' id='line_1_29' title="bbox 308 4664 2126 4776; baseline -0.004 -37"><span class='ocrx_word' id='word_1_258' title='bbox 308 4674 311 4679; x_wconf 85' lang='lat'>&#39;</span> <span class='ocrx_word' id='word_1_259' title='bbox 389 4765 394 4771; x_wconf 14' lang='grc' dir='ltr'>ἱ</span> <span class='ocrx_word' id='word_1_260' title='bbox 463 4754 468 4764; x_wconf 29' lang='grc' dir='ltr'><em>Ι</em></span> <span class='ocrx_word' id='word_1_261' title='bbox 526 4664 652 4738; x_wconf 90' lang='lat' dir='ltr'><strong>Arbor</strong></span> <span class='ocrx_word' id='word_1_262' title='bbox 682 4666 1108 4749; x_wconf 70' lang='lat' dir='ltr'><strong>secundumauctorem</strong></span> <span class='ocrx_word' id='word_1_263' title='bbox 1145 4668 1257 4739; x_wconf 85' lang='lat' dir='ltr'><strong>iatum</strong></span> <span class='ocrx_word' id='word_1_264' title='bbox 1290 4672 1329 4742; x_wconf 90' lang='lat' dir='ltr'><strong>in</strong></span> <span class='ocrx_word' id='word_1_265' title='bbox 1366 4672 1597 4776; x_wconf 82' lang='lat' dir='ltr'><strong>altitudinem</strong></span> <span class='ocrx_word' id='word_1_266' title='bbox 1632 4694 1713 4743; x_wconf 79' lang='lat' dir='ltr'><strong>ro·</strong></span> <span class='ocrx_word' id='word_1_267' title='bbox 1732 4673 1779 4741; x_wconf 82' lang='lat'><strong>50</strong></span> <span class='ocrx_word' id='word_1_268' title='bbox 1805 4669 1944 4765; x_wconf 88' lang='lat' dir='ltr'><strong>pedum</strong></span> <span class='ocrx_word' id='word_1_269' title='bbox 1974 4664 2126 4752; x_wconf 86' lang='lat' dir='ltr'><strong>erescit,</strong></span> 
     </span>
     <span class='ocr_line' id='line_1_30' title="bbox 303 4792 2127 4919; baseline -0.005 -31"><span class='ocrx_word' id='word_1_270' title='bbox 303 4839 307 4848; x_wconf 91' lang='lat'>·</span> <span class='ocrx_word' id='word_1_271' title='bbox 432 4839 477 4889; x_wconf 83' lang='lat' dir='ltr'><strong>ra</strong></span> <span class='ocrx_word' id='word_1_272' title='bbox 491 4857 516 4872; x_wconf 90' lang='lat'><strong>·</strong></span> <span class='ocrx_word' id='word_1_273' title='bbox 534 4818 746 4919; x_wconf 60' lang='lat' dir='ltr'><strong>18‘unciaaax</strong></span> <span class='ocrx_word' id='word_1_274' title='bbox 755 4818 798 4887; x_wconf 90' lang='lat' dir='ltr'><strong>in</strong></span> <span class='ocrx_word' id='word_1_275' title='bbox 821 4819 1000 4915; x_wconf 87' lang='lat' dir='ltr'><strong>diametro</strong></span> <span class='ocrx_word' id='word_1_276' title='bbox 1044 4819 1211 4891; x_wconf 80' lang='lat' dir='ltr'><strong>matiana</strong></span> <span class='ocrx_word' id='word_1_277' title='bbox 1261 4818 1391 4893; x_wconf 89' lang='lat' dir='ltr'><strong>Flores</strong></span> <span class='ocrx_word' id='word_1_278' title='bbox 1427 4819 1614 4890; x_wconf 86' lang='lat' dir='ltr'><strong>mensibus</strong></span> <span class='ocrx_word' id='word_1_279' title='bbox 1637 4792 1818 4887; x_wconf 34' lang='lat' dir='ltr'><strong>&#39;Ianuario</strong></span> <span class='ocrx_word' id='word_1_280' title='bbox 1851 4826 1889 4884; x_wconf 89' lang='lat' dir='ltr'><strong>et</strong></span> <span class='ocrx_word' id='word_1_281' title='bbox 1913 4809 2127 4883; x_wconf 87' lang='lat' dir='ltr'><strong>Februario</strong></span> 
     </span>
     <span class='ocr_line' id='line_1_31' title="bbox 428 4953 2128 5060; baseline -0.006 -25"><span class='ocrx_word' id='word_1_282' title='bbox 428 4977 628 5060; x_wconf 69' lang='lat' dir='ltr'><strong>apparent,</strong></span> <span class='ocrx_word' id='word_1_283' title='bbox 667 4966 809 5036; x_wconf 85' lang='lat' dir='ltr'><strong>semina</strong></span> <span class='ocrx_word' id='word_1_284' title='bbox 842 4977 1093 5038; x_wconf 82' lang='lat' dir='ltr'><strong>maturescunt</strong></span> <span class='ocrx_word' id='word_1_285' title='bbox 1124 4965 1256 5055; x_wconf 91' lang='lat' dir='ltr'><strong>Iunio,</strong></span> <span class='ocrx_word' id='word_1_286' title='bbox 1293 4964 1389 5037; x_wconf 85' lang='lat' dir='ltr'><strong>Iulio</strong></span> <span class='ocrx_word' id='word_1_287' title='bbox 1423 4976 1462 5037; x_wconf 85' lang='lat' dir='ltr'><strong>et</strong></span> <span class='ocrx_word' id='word_1_288' title='bbox 1495 4964 1670 5059; x_wconf 83' lang='lat' dir='ltr'><strong>Augusto.</strong></span> <span class='ocrx_word' id='word_1_289' title='bbox 1706 4965 1825 5034; x_wconf 88' lang='lat' dir='ltr'><strong>Bacca</strong></span> <span class='ocrx_word' id='word_1_290' title='bbox 1855 4957 1992 5048; x_wconf 76' lang='lat' dir='ltr'><strong>oralia,</strong></span> <span class='ocrx_word' id='word_1_291' title='bbox 2030 4953 2128 5026; x_wconf 82' lang='lat' dir='ltr'><strong>ribis</strong></span> 
     </span>
     <span class='ocr_line' id='line_1_32' title="bbox 427 5088 2131 5211; baseline -0.006 -24"><span class='ocrx_word' id='word_1_292' title='bbox 427 5115 524 5209; x_wconf 88' lang='lat' dir='ltr'><strong>nigri</strong></span> <span class='ocrx_word' id='word_1_293' title='bbox 541 5108 665 5209; x_wconf 73' lang='lat' dir='ltr'><strong>(blank</strong></span> <span class='ocrx_word' id='word_1_294' title='bbox 682 5110 856 5211; x_wconf 83' lang='lat' dir='ltr'><strong>currant)</strong></span> <span class='ocrx_word' id='word_1_295' title='bbox 873 5115 985 5184; x_wconf 89' lang='lat' dir='ltr'><strong>bacca</strong></span> <span class='ocrx_word' id='word_1_296' title='bbox 995 5114 1128 5208; x_wconf 91' lang='lat' dir='ltr'><strong>maior,</strong></span> <span class='ocrx_word' id='word_1_297' title='bbox 1142 5113 1372 5210; x_wconf 84' lang='lat' dir='ltr'><strong>receptaculo</strong></span> <span class='ocrx_word' id='word_1_298' title='bbox 1387 5137 1511 5190; x_wconf 84' lang='lat' dir='ltr'><strong>crasso</strong></span> <span class='ocrx_word' id='word_1_299' title='bbox 1528 5088 1640 5194; x_wconf 67' lang='lat' dir='ltr'><strong>riridi</strong></span> <span class='ocrx_word' id='word_1_300' title='bbox 1653 5113 1860 5206; x_wconf 83' lang='lat' dir='ltr'><strong>hexagono,</strong></span> <span class='ocrx_word' id='word_1_301' title='bbox 1879 5126 2039 5205; x_wconf 80' lang='lat' dir='ltr'><strong>quercus</strong></span> <span class='ocrx_word' id='word_1_302' title='bbox 2053 5126 2131 5177; x_wconf 65' lang='lat' dir='ltr'><strong>oud</strong></span> 
     </span>
    </p>
   </div>
   <div class='ocr_carea' id='block_1_10' title="bbox 0 0 2249 6096">
    <p class='ocr_par' dir='ltr' id='par_1_13' title="bbox 0 0 2249 6096">
     <span class='ocr_line' id='line_1_33' title="bbox 0 0 2249 6096; baseline 0 0"><span class='ocrx_word' id='word_1_303' title='bbox 0 0 2249 6096; x_wconf 95' lang='lat' dir='ltr'><strong> </strong></span> 
     </span>
    </p>
   </div>
  </div>
 </body>
</html>
