4470 6096
1737 452 1788 524 27

83 696 157 764 sint
170 689 231 764 vel
245 685 370 776 etiam,
389 696 563 779 {anquam
584 683 719 752 nullius
743 675 934 767 momenti,
964 678 1144 772 neglecta,
1165 679 1227 751 hic
1245 680 1445 774 repetenda
1460 689 1558 770 sunt,
1573 700 1623 752 ne
1644 676 1801 749 nimium

83 845 123 913 in
150 836 316 912 omuibus
342 835 500 905 nescisse
525 830 694 901 homines
719 840 803 900 ante
820 828 1048 898 Linueum
1070 829 1279 921 protervius
1312 851 1573 903 asseveremus.

185 987 320 1075 Actor,
337 992 463 1076 utpote
488 981 550 1074 qui
566 977 743 1072 Zeylan
768 976 926 1049 insulam
945 977 1150 1072 habitaret,
1164 979 1287 1050 obiter
1303 990 1449 1049 tantum
1464 980 1610 1073 attingit
1626 978 1793 1049 Melaba-

86 1140 204 1210 ricum
231 1133 324 1205 illud
349 1099 645 1220 cinnamomum,
668 1126 767 1224 quod
792 1090 904 1220 fini
940 1127 1174 1222 sylvestre
1201 1086 1426 1222 nuncupant,
1449 1129 1585 1200 virtute
1612 1139 1650 1198 et
1669 1128 1798 1199 suavi·
1913 1199 1917 1209 ,

85 1300 161 1358 tate
179 1285 334 1377 multum
352 1280 391 1350 id
410 1274 583 1350 differens
602 1278 750 1372 quidem
772 1301 794 1346 a
810 1279 955 1369 prima
982 1276 1260 1370 optimaque
1285 1277 1447 1368 specie
1466 1275 1745 1370 Zeylanica,
1779 1298 1801 1343 a

86 1462 131 1507 se
155 1433 333 1522 relata,
354 1449 482 1502 verum
506 1424 605 1519 quod
630 1422 765 1494 foliis
792 1425 936 1497 eidem
961 1410 1154 1495 maxime
1173 1424 1332 1494 simile
1362 1447 1462 1495 esse
1484 1423 1720 1495 affirmat.
1751 1458 1799 1478 -

86 1586 239 1661 Nativas
252 1589 374 1650 autem
383 1574 616 1671 Cinnamomi
630 1572 782 1667 species,
798 1582 875 1642 tum
892 1573 1081 1666 genuinas,
1100 1582 1176 1642 tum
1194 1572 1281 1642 alias
1299 1597 1457 1668 quoque,
1480 1576 1527 1646 ob
1541 1574 1684 1646 formae
1700 1573 1797 1642 simi·

86 1732 280 1805 titudinem
295 1725 459 1816 fallaces,
475 1747 563 1818 quas
574 1721 743 1816 Zeylan
765 1721 883 1791 insula
902 1722 1029 1814 gignit,
1042 1721 1158 1793 fusius
1175 1722 1356 1814 exposuit,
1370 1723 1502 1816 quibus
1519 1746 1602 1793 cum
1612 1722 1669 1792 Cl.
1688 1719 1801 1791 Goel-

88 1884 183 1973 lero,
199 1876 352 1949 eandem
369 1897 448 1944 rem
463 1895 510 1944 ex
524 1872 654 1944 eodem
666 1868 767 1943 fonte
781 1871 906 1964 paucis
920 1882 1004 1964 post
1018 1871 1213 1944 hauriente
1220 1867 1268 1965 *),
1283 1871 1329 1939 ad
1343 1871 1499 1944 verbum
1511 1869 1592 1943 fere
1602 1868 1795 1941 consentit.

197 2000 411 2097 Secundum*
431 2023 529 2092 hunc
555 2033 678 2093 autem
704 2041 793 2093 vera
818 2042 891 2089 una
916 2031 954 2090 et
979 2019 1058 2092 sola
1083 2033 1139 2093 est
1164 2021 1342 2114 species,¹

201 2171 387 2271 1)Rosse
416 2168 589 2240 coronale
612 2168 673 2242 rel
704 2167 877 2239 carenda
903 2168 1084 2263 appellata
1112 2164 1150 2262 (e
1183 2193 1274 2242 voce
1313 2168 1491 2241 coronale
1526 2169 1551 2235 i.
1589 2188 1621 2237 e.
1657 2165 1802 2236 Cinna-

96 2325 212 2398 momi
227 2316 545 2415 cortex(liguum),
556 2317 737 2408 etRasse,
749 2339 834 2388 acre
849 2338 892 2386 ac
911 2314 1017 2386 dulce
1029 2339 1095 2388 scu
1112 2316 1421 2415 melleum,)quae
1432 2315 1568 2410 Zeylan
1582 2313 1724 2384 insulae
1736 2336 1802 2407 pe·

98 2474 246 2544 culiaris
267 2481 372 2541 estet
395 2468 542 2563 copiose
560 2468 599 2537 in
613 2489 657 2536 ea
670 2467 820 2557 crescit,
840 2485 931 2559 prae
946 2464 1025 2534 aliis
1047 2466 1092 2536 ad
1114 2489 1219 2537 usum
1240 2464 1320 2560 lege
1342 2461 1755 2553 destinata-lcFig.
1769 2482 1800 2530 1.

201 2622 309 2710 Quae
326 2627 552 2710 sequuntur,
577 2615 696 2708 specie
724 2616 870 2710 quidem
897 2626 1053 2685 externa
1079 2616 1139 2686 isti
1169 2616 1283 2708 magis
1313 2611 1480 2689 minusve
1506 2613 1702 2701 accedunt,
1732 2608 1797 2693 sed

99 2768 245 2839 corticis
269 2764 513 2859 praestantia,
540 2787 631 2854 usu,
658 2765 812 2859 ipsoque
828 2761 971 2852 habitu,
989 2763 1098 2834 etiam
1116 2787 1185 2858 per
1207 2763 1302 2835 solas
1318 2765 1440 2833 icones
1465 2760 1668 2872 foliorum,
1706 2779 1800 2854 quae

96 2927 184 2986 ante
209 2912 335 2984 oculos
353 2919 458 2999 sunt,
485 2911 557 2978 iam
575 2912 660 2994 satis
674 2910 881 2999 declarato,
901 2912 1186 3002 distinguuntur.
1237 2910 1343 2993 Haeo
1369 2912 1491 3004 itaque
1512 2925 1625 2982 sunt:

201 3068 241 3143 a)
272 3056 431 3129 Cabaue
462 3053 636 3151 (Canem
660 3057 809 3137 Burm.)
839 3056 1029 3148 Corondc,
1060 3060 1085 3126 i.
1113 3082 1145 3129 e.
1180 3081 1387 3130 amarum
1412 3069 1451 3128 et
1484 3059 1795 3151 adstringens

101 3212 464 3281 cinnamomum.
491 3200 711 3272 Proximum
735 3200 972 3292 praecedenti
998 3202 1139 3297 habitu,
1162 3205 1253 3277 folia
1272 3206 1397 3301 paullo
1421 3208 1569 3279 minora
1600 3203 1800 3300 (Thunbd,
1899 3225 1904 3234 ·

100 3359 148 3427 ad
173 3357 314 3450 apicem
346 3355 460 3448 magis
494 3361 700 3437 attenuata,
736 3349 862 3420 nervis
895 3352 1047 3444 propius
1077 3375 1099 3422 a
1135 3355 1215 3425 basi
1250 3356 1526 3448 exorientibus,
1566 3316 1806 3452 (venalisque

103 3504 354 3575 crebrioribus
379 3496 580 3594 rugnlosa).
633 3494 793 3566 c0rticis
819 3499 977 3569 recentis
1002 3499 1097 3571 odor
1121 3504 1324 3594 iucundus,
1359 3516 1397 3581 at
1434 3527 1547 3599 sapor
1571 3505 1798 3592 amaricans,

106 3650 293 3745 (exsiccati
321 3647 415 3718 odor
444 3647 588 3737 nullus,
616 3666 738 3739 usque
764 3641 882 3715 ullum
909 3667 1056 3738 aroma,
1091 3651 1155 3722 sed
1188 3673 1298 3746 sapor
1330 3652 1587 3748 Camphorae,
1622 3648 1728 3721 color
1760 3650 1801 3719 in

106 3799 249 3870 fuscum
276 3792 422 3892 vergit).
472 3794 595 3866 Radix
620 3790 853 3886 camphorae
877 3792 989 3885 plena
1014 3807 1080 3868 est.
1106 3836 1156 3851 -
1180 3800 1204 3869 l.
1230 3823 1263 3870 c.
1288 3799 1366 3891 Fig.
1394 3822 1428 3870 a.

205 3943 245 4041 5)
277 3945 472 4039 copperoe
497 3941 674 4041 (capuan
699 3938 747 4009 G.
775 3939 849 4010 Tb.
881 3938 1218 4035 capparaBurm.)
1249 3946 1434 4040 coronae,
1462 3969 1529 4019 seu
1554 3946 1800 4018 cinnamo-

103 4119 224 4164 mum
250 4095 623 4188 camphoratum.
672 4088 781 4162 Folia
804 4089 892 4160 huic
915 4099 1001 4160 sunt
1024 4084 1217 4193 (minora)
1244 4095 1425 4192 elliptica,
1453 4094 1695 4188 acutiuscula,
1731 4097 1798 4168 tri·
1918 4091 1923 4110 '

103 4244 254 4334 nervia,
281 4242 425 4319 ranulis
448 4237 670 4318 maranensis
694 4235 1012 4335 frequentioribus
1036 4242 1223 4336 magisque
1250 4247 1511 4340 approximatis
1542 4246 1671 4317 striata
1683 4296 1696 4338 ,
1734 4269 1800 4319 ne·

101 4414 198 4494 «qus,
225 4403 268 4463 ut
292 4393 332 4463 in
357 4392 685 4490 praecedentrbus,
711 4386 905 4461 reticulata
917 4439 928 4479 ,
967 4397 1005 4471 (a
1044 4392 1155 4464 viridi
1189 4378 1329 4480 livida).
1399 4394 1539 4464 cortex
1569 4389 1799 4470 Melabarico

104 4541 234 4612 habitu
259 4543 407 4633 similis,
440 4529 613 4638 (obscure
637 4539 827 4614 rufescens
840 4535 872 4636 ,)
897 4539 1146 4634 camphoram
1172 4539 1342 4630 redolet,
1378 4539 1570 4636 eidemque
1593 4542 1689 4616 nihil
1715 4568 1802 4615 om-

103 4687 194 4757 nino
221 4690 303 4761 veri
329 4689 566 4765 cinnamomi
592 4691 847 4766 intermixtum
872 4699 938 4762 est.
975 4687 1141 4783 (Saporis
1165 4690 1348 4764 suavitate
1374 4702 1413 4762 ct
1437 4690 1562 4763 odoris
1596 4688 1801 4785 fragrantia

144 4892 171 4988 ¹⁸)
193 4910 396 4991 Goeller,
417 4912 502 4976 Diss.
529 4911 571 4977 de
591 4911 815 4977 cinnamomo.
838 4910 925 4999 ij.
955 4911 996 4976 ad
1015 4907 1077 4973 lah.
1110 4930 1198 4998 ¹709
1226 4912 1258 4990 4.
1301 4914 1395 4994 Quae
1417 4913 1452 4975 in
1482 4915 1541 4977 ista
1562 4912 1798 4976 Dissertatione

197 5033 267 5085 tum
287 5046 368 5088 vero
389 5026 429 5089 ab
450 5026 542 5107 aliis,
564 5049 595 5091 r.
621 5046 668 5114 gr.
701 5028 907 5107 Bumauno,
941 5026 1165 5113 Thunbcrgio,
1194 5027 1307 5112 paullo
1337 5029 1520 5094 accuratius
1562 5028 1700 5121 aliterve
1735 5040 1800 5093 tra·

197 5148 337 5222 utantur,
359 5141 453 5205 uncis
479 5141 630 5223 inclusa,
660 5143 721 5238 iis,
747 5145 1170 5248 quaenuncsequuutur,
1184 5142 1383 5220 ιὶιιεοτειιιιιι.
