<?xml version="1.0" encoding="UTF-8"?>
<!DOCTYPE html PUBLIC "-//W3C//DTD XHTML 1.0 Transitional//EN"
    "http://www.w3.org/TR/xhtml1/DTD/xhtml1-transitional.dtd">
<html xmlns="http://www.w3.org/1999/xhtml" xml:lang="en" lang="en">
 <head>
  <title>
</title>
<meta http-equiv="Content-Type" content="text/html;charset=utf-8" />
  <meta name='ocr-system' content='tesseract 3.04.00' />
  <meta name='ocr-capabilities' content='ocr_page ocr_carea ocr_par ocr_line ocrx_word'/>
</head>
<body>
  <div class='ocr_page' id='page_1' title='image "./decinnamomodisp00esengoog_0094.png"; bbox 0 0 4470 6096; ppageno 0'>
   <div class='ocr_carea' id='block_1_1' title="bbox 233 401 464 497">
    <p class='ocr_par' dir='ltr' id='par_1_1' title="bbox 233 401 464 497">
     <span class='ocr_line' id='line_1_1' title="bbox 233 401 464 497; baseline -0.009 -24"><span class='ocrx_word' id='word_1_1' title='bbox 233 401 464 497; x_wconf 56' lang='lat' dir='ltr'><strong>„m</strong></span> 
     </span>
    </p>
   </div>
   <div class='ocr_carea' id='block_1_2' title="bbox 327 619 2118 4860">
    <p class='ocr_par' dir='ltr' id='par_1_2' title="bbox 347 619 2118 1169">
     <span class='ocr_line' id='line_1_2' title="bbox 419 619 2117 729; baseline 0.002 -31"><span class='ocrx_word' id='word_1_2' title='bbox 419 632 529 719; x_wconf 86' lang='lat' dir='ltr'><strong>ritur,</strong></span> <span class='ocrx_word' id='word_1_3' title='bbox 564 653 673 724; x_wconf 91' lang='lat' dir='ltr'><strong>quam</strong></span> <span class='ocrx_word' id='word_1_4' title='bbox 700 630 756 716; x_wconf 47' lang='lat' dir='ltr'><strong>ob,</strong></span> <span class='ocrx_word' id='word_1_5' title='bbox 773 653 851 699; x_wconf 88' lang='lat' dir='ltr'><strong>rem</strong></span> <span class='ocrx_word' id='word_1_6' title='bbox 879 627 926 699; x_wconf 88' lang='lat' dir='ltr'><strong>ad</strong></span> <span class='ocrx_word' id='word_1_7' title='bbox 952 627 1156 724; x_wconf 85' lang='lat' dir='ltr'><strong>calculum,</strong></span> <span class='ocrx_word' id='word_1_8' title='bbox 1186 626 1247 702; x_wconf 89' lang='lat' dir='ltr'><strong>hic</strong></span> <span class='ocrx_word' id='word_1_9' title='bbox 1272 632 1452 727; x_wconf 92' lang='lat' dir='ltr'><strong>positum,</strong></span> <span class='ocrx_word' id='word_1_10' title='bbox 1485 655 1554 728; x_wconf 88' lang='lat' dir='ltr'><strong>pro</strong></span> <span class='ocrx_word' id='word_1_11' title='bbox 1578 619 1720 726; x_wconf 81' lang='lat' dir='ltr'><strong>singulo</strong></span> <span class='ocrx_word' id='word_1_12' title='bbox 1745 655 1843 703; x_wconf 91' lang='lat' dir='ltr'><strong>anno</strong></span> <span class='ocrx_word' id='word_1_13' title='bbox 1867 631 1985 715; x_wconf 84' lang='lat' dir='ltr'><strong>adhuc</strong></span> <span class='ocrx_word' id='word_1_14' title='bbox 2012 650 2117 729; x_wconf 74' lang='lat'><strong>2119</strong></span> 
     </span>
     <span class='ocr_line' id='line_1_3' title="bbox 347 778 2118 879; baseline 0.002 -34"><span class='ocrx_word' id='word_1_15' title='bbox 347 838 350 845; x_wconf 85' lang='grc'><strong>.</strong></span> <span class='ocrx_word' id='word_1_16' title='bbox 416 779 532 849; x_wconf 81' lang='lat' dir='ltr'><strong>fasces</strong></span> <span class='ocrx_word' id='word_1_17' title='bbox 558 781 744 879; x_wconf 84' lang='lat' dir='ltr'><strong>addendae</strong></span> <span class='ocrx_word' id='word_1_18' title='bbox 770 790 865 849; x_wconf 86' lang='lat' dir='ltr'><strong>sunt.</strong></span> <span class='ocrx_word' id='word_1_19' title='bbox 928 778 1077 848; x_wconf 89' lang='lat' dir='ltr'><strong>Summa</strong></span> <span class='ocrx_word' id='word_1_20' title='bbox 1101 781 1223 873; x_wconf 88' lang='lat' dir='ltr'><strong>itaque</strong></span> <span class='ocrx_word' id='word_1_21' title='bbox 1250 781 1470 853; x_wconf 77' lang='lat' dir='ltr'><strong>cinnamomi</strong></span> <span class='ocrx_word' id='word_1_22' title='bbox 1495 781 1633 869; x_wconf 88' lang='lat' dir='ltr'><strong>omnis,</strong></span> <span class='ocrx_word' id='word_1_23' title='bbox 1667 779 1770 876; x_wconf 71' lang='lat' dir='ltr'><strong>quod</strong></span> <span class='ocrx_word' id='word_1_24' title='bbox 1800 781 1935 851; x_wconf 87' lang='lat' dir='ltr'><strong>nostris</strong></span> <span class='ocrx_word' id='word_1_25' title='bbox 1964 790 2118 871; x_wconf 87' lang='lat' dir='ltr'><strong>tempo·-</strong></span> 
     </span>
     <span class='ocr_line' id='line_1_4' title="bbox 418 923 2117 1053; baseline 0 -58"><span class='ocrx_word' id='word_1_26' title='bbox 418 928 521 997; x_wconf 91' lang='lat' dir='ltr'><strong>ribus</strong></span> <span class='ocrx_word' id='word_1_27' title='bbox 547 927 593 996; x_wconf 87' lang='lat' dir='ltr'><strong>ab</strong></span> <span class='ocrx_word' id='word_1_28' title='bbox 620 925 744 1018; x_wconf 85' lang='lat' dir='ltr'><strong>Anglis</strong></span> <span class='ocrx_word' id='word_1_29' title='bbox 769 927 809 997; x_wconf 88' lang='lat' dir='ltr'><strong>in</strong></span> <span class='ocrx_word' id='word_1_30' title='bbox 834 923 1009 1019; x_wconf 87' lang='lat' dir='ltr'><strong>Zeylonia</strong></span> <span class='ocrx_word' id='word_1_31' title='bbox 1035 927 1226 1019; x_wconf 80' lang='lat' dir='ltr'>quotannis</span> <span class='ocrx_word' id='word_1_32' title='bbox 1253 926 1463 1020; x_wconf 81' lang='lat' dir='ltr'><strong>colligitur,</strong></span> <span class='ocrx_word' id='word_1_33' title='bbox 1501 928 1546 996; x_wconf 91' lang='lat' dir='ltr'><strong>ad</strong></span> <span class='ocrx_word' id='word_1_34' title='bbox 1577 949 1773 996; x_wconf 90' lang='lat' dir='ltr'><strong>numerum</strong></span> <span class='ocrx_word' id='word_1_35' title='bbox 1806 948 1894 997; x_wconf 86' lang='lat' dir='ltr'><strong>sane</strong></span> <span class='ocrx_word' id='word_1_36' title='bbox 1925 926 2117 1053; x_wconf 61' lang='lat' dir='ltr'><strong>ingentepp</strong></span> 
     </span>
     <span class='ocr_line' id='line_1_5' title="bbox 417 1036 2104 1169; baseline -0.002 -22"><span class='ocrx_word' id='word_1_37' title='bbox 417 1077 516 1166; x_wconf 73' lang='lat'><strong>4557</strong></span> <span class='ocrx_word' id='word_1_38' title='bbox 544 1074 717 1163; x_wconf 82' lang='lat' dir='ltr'><strong>fascium,</strong></span> <span class='ocrx_word' id='word_1_39' title='bbox 751 1098 816 1145; x_wconf 89' lang='lat' dir='ltr'><strong>seu</strong></span> <span class='ocrx_word' id='word_1_40' title='bbox 843 1081 1005 1164; x_wconf 73' lang='lat'>40¹›172</span> <span class='ocrx_word' id='word_1_41' title='bbox 1031 1073 1212 1144; x_wconf 88' lang='lat' dir='ltr'><strong>librarum</strong></span> <span class='ocrx_word' id='word_1_42' title='bbox 1248 1074 1497 1169; x_wconf 85' lang='lat' dir='ltr'><strong>anglicarum,</strong></span> <span class='ocrx_word' id='word_1_43' title='bbox 1533 1076 1717 1146; x_wconf 75' lang='lat' dir='ltr'><strong>increscit.</strong></span> <span class='ocrx_word' id='word_1_44' title='bbox 2099 1036 2104 1047; x_wconf 31' lang='grc' dir='ltr'>Ι</span> 
     </span>
    </p>

    <p class='ocr_par' dir='ltr' id='par_1_3' title="bbox 327 1189 2116 4010">
     <span class='ocr_line' id='line_1_6' title="bbox 515 1189 2109 1315; baseline 0.001 -28"><span class='ocrx_word' id='word_1_45' title='bbox 515 1219 653 1293; x_wconf 83' lang='lat' dir='ltr'><strong>Mense·</strong></span> <span class='ocrx_word' id='word_1_46' title='bbox 680 1216 804 1309; x_wconf 88' lang='lat' dir='ltr'><strong>Maio,</strong></span> <span class='ocrx_word' id='word_1_47' title='bbox 845 1246 917 1315; x_wconf 90' lang='lat' dir='ltr'><strong>quo</strong></span> <span class='ocrx_word' id='word_1_48' title='bbox 951 1231 1118 1315; x_wconf 89' lang='lat' dir='ltr'><strong>tempore</strong></span> <span class='ocrx_word' id='word_1_49' title='bbox 1156 1222 1293 1292; x_wconf 85' lang='lat' dir='ltr'><strong>imbres</strong></span> <span class='ocrx_word' id='word_1_50' title='bbox 1313 1189 1460 1293; x_wconf 47' lang='lat' dir='ltr'><strong>&#39;cedunt</strong></span> <span class='ocrx_word' id='word_1_51' title='bbox 1493 1235 1531 1293; x_wconf 88' lang='lat' dir='ltr'><strong>et</strong></span> <span class='ocrx_word' id='word_1_52' title='bbox 1566 1223 1719 1294; x_wconf 75' lang='lat' dir='ltr'><strong>arbores</strong></span> <span class='ocrx_word' id='word_1_53' title='bbox 1758 1246 1867 1293; x_wconf 89' lang='lat' dir='ltr'><strong>succo</strong></span> <span class='ocrx_word' id='word_1_54' title='bbox 1888 1221 2109 1310; x_wconf 64' lang='lat' dir='ltr'><strong>⁶abundant,</strong></span> 
     </span>
     <span class='ocr_line' id='line_1_7' title="bbox 420 1362 2114 1471; baseline -0.001 -30"><span class='ocrx_word' id='word_1_55' title='bbox 420 1372 654 1443; x_wconf 83' lang='lat' dir='ltr'><strong>Cinnamomi</strong></span> <span class='ocrx_word' id='word_1_56' title='bbox 689 1371 815 1439; x_wconf 85' lang='lat' dir='ltr'><strong>messis</strong></span> <span class='ocrx_word' id='word_1_57' title='bbox 850 1369 998 1439; x_wconf 82' lang='lat' dir='ltr'><strong>inchoat</strong></span> <span class='ocrx_word' id='word_1_58' title='bbox 1034 1381 1079 1467; x_wconf 38' lang='lat' dir='ltr'><strong>et,</strong></span> <span class='ocrx_word' id='word_1_59' title='bbox 1105 1370 1144 1439; x_wconf 91' lang='lat' dir='ltr'><strong>iu</strong></span> <span class='ocrx_word' id='word_1_60' title='bbox 1176 1362 1378 1441; x_wconf 86' lang='lat' dir='ltr'><strong>Octobrem</strong></span> <span class='ocrx_word' id='word_1_61' title='bbox 1413 1394 1528 1465; x_wconf 91' lang='lat' dir='ltr'><strong>usque</strong></span> <span class='ocrx_word' id='word_1_62' title='bbox 1565 1372 1810 1471; x_wconf 86' lang='lat' dir='ltr'><strong>continuatur.</strong></span> <span class='ocrx_word' id='word_1_63' title='bbox 1861 1369 2114 1440; x_wconf 90' lang='lat' dir='ltr'><strong>Nominantur</strong></span> 
     </span>
     <span class='ocr_line' id='line_1_8' title="bbox 417 1513 2113 1619; baseline -0.004 -28"><span class='ocrx_word' id='word_1_64' title='bbox 417 1522 707 1619; x_wconf 31' lang='lat' dir='ltr'><strong>Directorest&#39;et</strong></span> <span class='ocrx_word' id='word_1_65' title='bbox 737 1519 990 1613; x_wconf 85' lang='lat' dir='ltr'><strong>Inspectores3</strong></span> <span class='ocrx_word' id='word_1_66' title='bbox 1037 1517 1307 1590; x_wconf 89' lang='lat' dir='ltr'><strong>distribuuntur</strong></span> <span class='ocrx_word' id='word_1_67' title='bbox 1342 1521 1441 1588; x_wconf 89' lang='lat' dir='ltr'><strong>inter</strong></span> <span class='ocrx_word' id='word_1_68' title='bbox 1477 1519 1666 1615; x_wconf 67' lang='lat' dir='ltr'><strong>operarios</strong></span> <span class='ocrx_word' id='word_1_69' title='bbox 1692 1513 1918 1612; x_wconf 78' lang='lat' dir='ltr'><strong>(Schiolioa)</strong></span> <span class='ocrx_word' id='word_1_70' title='bbox 1942 1516 2113 1587; x_wconf 88' lang='lat' dir='ltr'><strong>labores:</strong></span> 
     </span>
     <span class='ocr_line' id='line_1_9' title="bbox 415 1640 2114 1767; baseline -0.003 -28"><span class='ocrx_word' id='word_1_71' title='bbox 415 1672 512 1765; x_wconf 86' lang='lat' dir='ltr'><strong>parti</strong></span> <span class='ocrx_word' id='word_1_72' title='bbox 545 1670 681 1767; x_wconf 77' lang='lat' dir='ltr'><strong>minpri</strong></span> <span class='ocrx_word' id='word_1_73' title='bbox 714 1669 884 1737; x_wconf 81' lang='lat' dir='ltr'><strong>abscissio</strong></span> <span class='ocrx_word' id='word_1_74' title='bbox 920 1689 1131 1757; x_wconf 88' lang='lat' dir='ltr'><strong>ramorum,</strong></span> <span class='ocrx_word' id='word_1_75' title='bbox 1178 1667 1284 1737; x_wconf 88' lang='lat' dir='ltr'><strong>alteri</strong></span> <span class='ocrx_word' id='word_1_76' title='bbox 1319 1640 1558 1737; x_wconf 81' lang='lat' dir='ltr'><strong>decorticatio</strong></span> <span class='ocrx_word' id='word_1_77' title='bbox 1595 1666 1845 1737; x_wconf 87' lang='lat' dir='ltr'><strong>demandatur.</strong></span> <span class='ocrx_word' id='word_1_78' title='bbox 1910 1665 2019 1737; x_wconf 87' lang='lat' dir='ltr'><strong>Tunc</strong></span> <span class='ocrx_word' id='word_1_79' title='bbox 2054 1664 2114 1735; x_wconf 90' lang='lat' dir='ltr'><strong>illi</strong></span> 
     </span>
     <span class='ocr_line' id='line_1_10' title="bbox 414 1808 2111 1912; baseline -0.004 -24"><span class='ocrx_word' id='word_1_80' title='bbox 414 1818 553 1912; x_wconf 85' lang='lat' dir='ltr'><strong>eligunt</strong></span> <span class='ocrx_word' id='word_1_81' title='bbox 593 1830 701 1910; x_wconf 87' lang='lat' dir='ltr'><strong>etque</strong></span> <span class='ocrx_word' id='word_1_82' title='bbox 740 1810 958 1887; x_wconf 85' lang='lat' dir='ltr'><strong>abscindunt</strong></span> <span class='ocrx_word' id='word_1_83' title='bbox 988 1815 1182 1909; x_wconf 77' lang='lat' dir='ltr'><strong>ramulos,</strong></span> <span class='ocrx_word' id='word_1_84' title='bbox 1235 1838 1393 1909; x_wconf 88' lang='lat' dir='ltr'><strong>quorum</strong></span> <span class='ocrx_word' id='word_1_85' title='bbox 1434 1826 1563 1883; x_wconf 84' lang='lat' dir='ltr'><strong>cortex</strong></span> <span class='ocrx_word' id='word_1_86' title='bbox 1597 1812 1707 1883; x_wconf 82' lang='lat' dir='ltr'><strong>facile</strong></span> <span class='ocrx_word' id='word_1_87' title='bbox 1744 1836 1764 1880; x_wconf 90' lang='lat' dir='ltr'><strong>a</strong></span> <span class='ocrx_word' id='word_1_88' title='bbox 1803 1808 2111 1906; x_wconf 78' lang='lat' dir='ltr'><strong>ligno&#39;sclvitur.</strong></span> 
     </span>
     <span class='ocr_line' id='line_1_11' title="bbox 342 1959 2110 2061; baseline -0.005 -26"><span class='ocrx_word' id='word_1_89' title='bbox 342 2004 345 2008; x_wconf 39' lang='lat'><strong>⁴</strong></span> <span class='ocrx_word' id='word_1_90' title='bbox 415 1964 619 2054; x_wconf 83' lang='lat' dir='ltr'><strong>Triennes,</strong></span> <span class='ocrx_word' id='word_1_91' title='bbox 648 1969 721 2061; x_wconf 33' lang='lat' dir='ltr'><strong>,qui</strong></span> <span class='ocrx_word' id='word_1_92' title='bbox 753 1989 820 2036; x_wconf 89' lang='lat' dir='ltr'><strong>nec</strong></span> <span class='ocrx_word' id='word_1_93' title='bbox 854 1965 1005 2041; x_wconf 87' lang='lat' dir='ltr'><strong>dimidia</strong></span> <span class='ocrx_word' id='word_1_94' title='bbox 1039 1965 1147 2034; x_wconf 88' lang='lat' dir='ltr'><strong>uncia</strong></span> <span class='ocrx_word' id='word_1_95' title='bbox 1172 1965 1364 2043; x_wconf 34' lang='lat' dir='ltr'><strong>tenuiores.</strong></span> <span class='ocrx_word' id='word_1_96' title='bbox 1384 1975 1494 2054; x_wconf 88' lang='lat' dir='ltr'><strong>sunt,</strong></span> <span class='ocrx_word' id='word_1_97' title='bbox 1528 1986 1647 2056; x_wconf 84' lang='lat' dir='ltr'><strong>neque</strong></span> <span class='ocrx_word' id='word_1_98' title='bbox 1672 1962 1797 2031; x_wconf 88' lang='lat' dir='ltr'><strong>uncias</strong></span> <span class='ocrx_word' id='word_1_99' title='bbox 1823 1971 1899 2031; x_wconf 89' lang='lat' dir='ltr'><strong>tres</strong></span> <span class='ocrx_word' id='word_1_100' title='bbox 1925 1959 2110 2039; x_wconf 83' lang='lat' dir='ltr'><strong>diametro</strong></span> 
     </span>
     <span class='ocr_line' id='line_1_12' title="bbox 414 2078 2110 2207; baseline -0.004 -26"><span class='ocrx_word' id='word_1_101' title='bbox 414 2123 601 2205; x_wconf 88' lang='lat' dir='ltr'><strong>superant,</strong></span> <span class='ocrx_word' id='word_1_102' title='bbox 631 2114 760 2207; x_wconf 85' lang='lat' dir='ltr'><strong>optimi</strong></span> <span class='ocrx_word' id='word_1_103' title='bbox 785 2114 981 2184; x_wconf 85' lang='lat' dir='ltr'><strong>habentur.</strong></span> <span class='ocrx_word' id='word_1_104' title='bbox 1034 2112 1164 2183; x_wconf 89' lang='lat' dir='ltr'><strong>Cultro</strong></span> <span class='ocrx_word' id='word_1_105' title='bbox 1190 2123 1344 2183; x_wconf 88' lang='lat' dir='ltr'><strong>utuntur</strong></span> <span class='ocrx_word' id='word_1_106' title='bbox 1370 2114 1408 2183; x_wconf 91' lang='lat' dir='ltr'><strong>in</strong></span> <span class='ocrx_word' id='word_1_107' title='bbox 1435 2112 1506 2182; x_wconf 93' lang='lat' dir='ltr'><strong>hoc</strong></span> <span class='ocrx_word' id='word_1_108' title='bbox 1533 2127 1647 2205; x_wconf 85' lang='lat' dir='ltr'><strong>opere</strong></span> <span class='ocrx_word' id='word_1_109' title='bbox 1672 2078 1773 2205; x_wconf 70' lang='lat' dir='ltr'><strong>apice</strong></span> <span class='ocrx_word' id='word_1_110' title='bbox 1799 2112 1967 2201; x_wconf 86' lang='lat' dir='ltr'><strong>incurvo,</strong></span> <span class='ocrx_word' id='word_1_111' title='bbox 1995 2128 2110 2200; x_wconf 88' lang='lat' dir='ltr'><strong>quem</strong></span> 
     </span>
     <span class='ocr_line' id='line_1_13' title="bbox 414 2232 2109 2366; baseline -0.002 -38"><span class='ocrx_word' id='word_1_112' title='bbox 414 2260 531 2328; x_wconf 84' lang='lat' dir='ltr'><strong>Ketto</strong></span> <span class='ocrx_word' id='word_1_113' title='bbox 565 2257 810 2352; x_wconf 86' lang='lat' dir='ltr'><strong>Zeylonenses</strong></span> <span class='ocrx_word' id='word_1_114' title='bbox 844 2258 1044 2366; x_wconf 76' lang='lat' dir='ltr'><strong>nominem.</strong></span> <span class='ocrx_word' id='word_1_115' title='bbox 1108 2257 1249 2328; x_wconf 89' lang='lat' dir='ltr'><strong>Deinde</strong></span> <span class='ocrx_word' id='word_1_116' title='bbox 1284 2261 1418 2330; x_wconf 91' lang='lat' dir='ltr'><strong>ramuli</strong></span> <span class='ocrx_word' id='word_1_117' title='bbox 1448 2261 1509 2332; x_wconf 91' lang='lat' dir='ltr'><strong>isti</strong></span> <span class='ocrx_word' id='word_1_118' title='bbox 1541 2232 1738 2331; x_wconf 81' lang='lat' dir='ltr'><strong>traduntur</strong></span> <span class='ocrx_word' id='word_1_119' title='bbox 1762 2242 2109 2345; x_wconf 82' lang='lat' dir='ltr'><strong>decorticatoribus,</strong></span> 
     </span>
     <span class='ocr_line' id='line_1_14' title="bbox 418 2388 2115 2517; baseline -0.003 -43"><span class='ocrx_word' id='word_1_120' title='bbox 418 2406 480 2499; x_wconf 94' lang='lat' dir='ltr'><strong>qui</strong></span> <span class='ocrx_word' id='word_1_121' title='bbox 507 2431 575 2499; x_wconf 89' lang='lat' dir='ltr'><strong>ope</strong></span> <span class='ocrx_word' id='word_1_122' title='bbox 601 2403 712 2475; x_wconf 90' lang='lat' dir='ltr'><strong>cultri</strong></span> <span class='ocrx_word' id='word_1_123' title='bbox 737 2406 843 2497; x_wconf 88' lang='lat' dir='ltr'><strong>alius,</strong></span> <span class='ocrx_word' id='word_1_124' title='bbox 871 2407 1035 2479; x_wconf 83' lang='lat' dir='ltr'><strong>Koketta</strong></span> <span class='ocrx_word' id='word_1_125' title='bbox 1061 2407 1162 2498; x_wconf 90' lang='lat' dir='ltr'><strong>dicti,</strong></span> <span class='ocrx_word' id='word_1_126' title='bbox 1200 2408 1305 2480; x_wconf 84' lang='lat' dir='ltr'><strong>factis</strong></span> <span class='ocrx_word' id='word_1_127' title='bbox 1330 2408 1521 2499; x_wconf 86' lang='lat' dir='ltr'><strong>incisuris,</strong></span> <span class='ocrx_word' id='word_1_128' title='bbox 1559 2388 1637 2477; x_wconf 87' lang='lat' dir='ltr'><strong>tum</strong></span> <span class='ocrx_word' id='word_1_129' title='bbox 1662 2392 1986 2493; x_wconf 77' lang='lat' dir='ltr'><strong>transversalibus,</strong></span> <span class='ocrx_word' id='word_1_130' title='bbox 2030 2411 2115 2517; x_wconf 77' lang='lat' dir='ltr'><strong>tum</strong></span> 
     </span>
     <span class='ocr_line' id='line_1_15' title="bbox 416 2528 2113 2653; baseline -0.002 -30"><span class='ocrx_word' id='word_1_131' title='bbox 416 2536 755 2647; x_wconf 83' lang='lat' dir='ltr'><strong>longitndinalibus,</strong></span> <span class='ocrx_word' id='word_1_132' title='bbox 783 2556 843 2628; x_wconf 79' lang='lat' dir='ltr'><strong>vel</strong></span> <span class='ocrx_word' id='word_1_133' title='bbox 869 2555 1033 2647; x_wconf 87' lang='lat' dir='ltr'><strong>singulis,</strong></span> <span class='ocrx_word' id='word_1_134' title='bbox 1063 2558 1122 2628; x_wconf 89' lang='lat' dir='ltr'><strong>vel</strong></span> <span class='ocrx_word' id='word_1_135' title='bbox 1147 2559 1256 2650; x_wconf 73' lang='lat' dir='ltr'><strong>binio,</strong></span> <span class='ocrx_word' id='word_1_136' title='bbox 1285 2560 1346 2633; x_wconf 84' lang='lat' dir='ltr'><strong>vel</strong></span> <span class='ocrx_word' id='word_1_137' title='bbox 1371 2561 1509 2649; x_wconf 88' lang='lat' dir='ltr'><strong>ternis,</strong></span> <span class='ocrx_word' id='word_1_138' title='bbox 1548 2570 1661 2653; x_wconf 90' lang='lat' dir='ltr'><strong>prout</strong></span> <span class='ocrx_word' id='word_1_139' title='bbox 1687 2554 1850 2626; x_wconf 87' lang='lat' dir='ltr'><strong>ramulus</strong></span> <span class='ocrx_word' id='word_1_140' title='bbox 1877 2552 2018 2623; x_wconf 91' lang='lat' dir='ltr'><strong>minori</strong></span> <span class='ocrx_word' id='word_1_141' title='bbox 2042 2528 2113 2621; x_wconf 71' lang='lat' dir='ltr'><strong>aui</strong></span> 
     </span>
     <span class='ocr_line' id='line_1_16' title="bbox 416 2688 2116 2801; baseline -0.004 -27"><span class='ocrx_word' id='word_1_142' title='bbox 416 2703 549 2774; x_wconf 91' lang='lat' dir='ltr'><strong>maiori</strong></span> <span class='ocrx_word' id='word_1_143' title='bbox 573 2704 621 2772; x_wconf 88' lang='lat' dir='ltr'><strong>sit</strong></span> <span class='ocrx_word' id='word_1_144' title='bbox 646 2704 823 2794; x_wconf 88' lang='lat' dir='ltr'><strong>crassitie,</strong></span> <span class='ocrx_word' id='word_1_145' title='bbox 852 2688 1001 2778; x_wconf 80' lang='lat' dir='ltr'><strong>solvunt</strong></span> <span class='ocrx_word' id='word_1_146' title='bbox 1026 2705 1296 2801; x_wconf 76' lang='lat' dir='ltr'><strong>detrahuntque</strong></span> <span class='ocrx_word' id='word_1_147' title='bbox 1322 2712 1508 2779; x_wconf 88' lang='lat' dir='ltr'><strong>corticem.</strong></span> <span class='ocrx_word' id='word_1_148' title='bbox 1560 2706 1779 2801; x_wconf 83' lang='lat' dir='ltr'><strong>Fragmenta</strong></span> <span class='ocrx_word' id='word_1_149' title='bbox 1803 2703 1949 2772; x_wconf 85' lang='lat' dir='ltr'><strong>corticis</strong></span> <span class='ocrx_word' id='word_1_150' title='bbox 1966 2723 2036 2796; x_wconf 92' lang='lat' dir='ltr'><strong>pro</strong></span> <span class='ocrx_word' id='word_1_151' title='bbox 2055 2697 2116 2769; x_wconf 88' lang='lat' dir='ltr'><strong>di·</strong></span> 
     </span>
     <span class='ocr_line' id='line_1_17' title="bbox 416 2829 2113 2951; baseline -0.002 -29"><span class='ocrx_word' id='word_1_152' title='bbox 416 2829 523 2923; x_wconf 84' lang='lat' dir='ltr'><strong>rersa</strong></span> <span class='ocrx_word' id='word_1_153' title='bbox 557 2851 788 2922; x_wconf 90' lang='lat' dir='ltr'><strong>ramulorum</strong></span> <span class='ocrx_word' id='word_1_154' title='bbox 822 2852 1032 2925; x_wconf 86' lang='lat' dir='ltr'><strong>conditione</strong></span> <span class='ocrx_word' id='word_1_155' title='bbox 1059 2848 1188 2941; x_wconf 59' lang='lat' dir='ltr'><strong>{variae</strong></span> <span class='ocrx_word' id='word_1_156' title='bbox 1214 2864 1299 2927; x_wconf 86' lang='lat' dir='ltr'><strong>sunt</strong></span> <span class='ocrx_word' id='word_1_157' title='bbox 1324 2858 1569 2951; x_wconf 80' lang='lat' dir='ltr'><strong>longitudinis.</strong></span> <span class='ocrx_word' id='word_1_158' title='bbox 1621 2855 1773 2925; x_wconf 85' lang='lat' dir='ltr'><strong>Minora</strong></span> <span class='ocrx_word' id='word_1_159' title='bbox 1796 2863 1884 2925; x_wconf 88' lang='lat' dir='ltr'><strong>tunc</strong></span> <span class='ocrx_word' id='word_1_160' title='bbox 1910 2850 2113 2933; x_wconf 81' lang='lat' dir='ltr'><strong>maioribus</strong></span> 
     </span>
     <span class='ocr_line' id='line_1_18' title="bbox 416 2972 2116 3098; baseline -0.002 -32"><span class='ocrx_word' id='word_1_161' title='bbox 416 2999 656 3092; x_wconf 84' lang='lat' dir='ltr'><strong>ingeruntur,</strong></span> <span class='ocrx_word' id='word_1_162' title='bbox 698 3001 751 3069; x_wconf 88' lang='lat' dir='ltr'><strong>ita</strong></span> <span class='ocrx_word' id='word_1_163' title='bbox 785 3011 826 3070; x_wconf 90' lang='lat' dir='ltr'><strong>ut</strong></span> <span class='ocrx_word' id='word_1_164' title='bbox 857 3023 942 3095; x_wconf 88' lang='lat' dir='ltr'><strong>pars</strong></span> <span class='ocrx_word' id='word_1_165' title='bbox 973 3001 1139 3073; x_wconf 79' lang='lat' dir='ltr'><strong>exterior</strong></span> <span class='ocrx_word' id='word_1_166' title='bbox 1164 2972 1312 3074; x_wconf 80' lang='lat' dir='ltr'><strong>fructuli</strong></span> <span class='ocrx_word' id='word_1_167' title='bbox 1337 3005 1527 3076; x_wconf 89' lang='lat' dir='ltr'><strong>interioris</strong></span> <span class='ocrx_word' id='word_1_168' title='bbox 1552 3013 1695 3098; x_wconf 85' lang='lat' dir='ltr'><strong>partem</strong></span> <span class='ocrx_word' id='word_1_169' title='bbox 1719 3000 1936 3070; x_wconf 90' lang='lat' dir='ltr'><strong>interiorem</strong></span> <span class='ocrx_word' id='word_1_170' title='bbox 1961 2995 2116 3089; x_wconf 65' lang='lat' dir='ltr'><strong>frustati</strong></span> 
     </span>
     <span class='ocr_line' id='line_1_19' title="bbox 417 3143 2115 3240; baseline -0.002 -28"><span class='ocrx_word' id='word_1_171' title='bbox 417 3147 612 3216; x_wconf 85' lang='lat' dir='ltr'><strong>exterioris</strong></span> <span class='ocrx_word' id='word_1_172' title='bbox 661 3158 792 3240; x_wconf 81' lang='lat' dir='ltr'><strong>tangat.</strong></span> <span class='ocrx_word' id='word_1_173' title='bbox 876 3146 919 3215; x_wconf 90' lang='lat' dir='ltr'><strong>ln</strong></span> <span class='ocrx_word' id='word_1_174' title='bbox 970 3145 1162 3219; x_wconf 81' lang='lat' dir='ltr'><strong>fasciculos</strong></span> <span class='ocrx_word' id='word_1_175' title='bbox 1212 3163 1312 3221; x_wconf 90' lang='lat' dir='ltr'><strong>arcte</strong></span> <span class='ocrx_word' id='word_1_176' title='bbox 1363 3154 1554 3237; x_wconf 78' lang='lat' dir='ltr'><strong>colligatus</strong></span> <span class='ocrx_word' id='word_1_177' title='bbox 1602 3161 1731 3216; x_wconf 83' lang='lat' dir='ltr'><strong>cortex</strong></span> <span class='ocrx_word' id='word_1_178' title='bbox 1781 3166 1849 3237; x_wconf 90' lang='lat' dir='ltr'><strong>per</strong></span> <span class='ocrx_word' id='word_1_179' title='bbox 1899 3150 1949 3228; x_wconf 73' lang='lat'><strong>24</strong></span> <span class='ocrx_word' id='word_1_180' title='bbox 1999 3143 2115 3211; x_wconf 88' lang='lat' dir='ltr'><strong>horas</strong></span> 
     </span>
     <span class='ocr_line' id='line_1_20' title="bbox 327 3256 2115 3392; baseline -0.001 -30"><span class='ocrx_word' id='word_1_181' title='bbox 327 3294 329 3303; x_wconf 60' lang='lat'><strong>⁴</strong></span> <span class='ocrx_word' id='word_1_182' title='bbox 418 3296 573 3363; x_wconf 89' lang='lat' dir='ltr'><strong>intactus</strong></span> <span class='ocrx_word' id='word_1_183' title='bbox 605 3304 784 3365; x_wconf 83' lang='lat' dir='ltr'><strong>servatur.</strong></span> <span class='ocrx_word' id='word_1_184' title='bbox 850 3293 963 3363; x_wconf 87' lang='lat' dir='ltr'><strong>Levis</strong></span> <span class='ocrx_word' id='word_1_185' title='bbox 999 3293 1167 3362; x_wconf 83' lang='lat' dir='ltr'><strong>exoritur</strong></span> <span class='ocrx_word' id='word_1_186' title='bbox 1205 3287 1462 3392; x_wconf 76' lang='lat' dir='ltr'><strong>fermentatio,</strong></span> <span class='ocrx_word' id='word_1_187' title='bbox 1509 3316 1581 3387; x_wconf 87' lang='lat' dir='ltr'><strong>qua</strong></span> <span class='ocrx_word' id='word_1_188' title='bbox 1613 3292 1675 3384; x_wconf 85' lang='lat' dir='ltr'><strong>fit,</strong></span> <span class='ocrx_word' id='word_1_189' title='bbox 1709 3304 1764 3363; x_wconf 64' lang='lat' dir='ltr'><strong>⁴ut</strong></span> <span class='ocrx_word' id='word_1_190' title='bbox 1793 3256 1989 3386; x_wconf 79' lang='lat' dir='ltr'><strong>epideimis</strong></span> <span class='ocrx_word' id='word_1_191' title='bbox 2026 3314 2115 3389; x_wconf 81' lang='lat' dir='ltr'><strong>cum</strong></span> 
     </span>
     <span class='ocr_line' id='line_1_21' title="bbox 417 3437 2116 3535; baseline 0 -25"><span class='ocrx_word' id='word_1_192' title='bbox 417 3443 628 3514; x_wconf 86' lang='lat' dir='ltr'><strong>subiacente</strong></span> <span class='ocrx_word' id='word_1_193' title='bbox 652 3439 937 3535; x_wconf 85' lang='lat' dir='ltr'><strong>parcnchymate</strong></span> <span class='ocrx_word' id='word_1_194' title='bbox 962 3463 1113 3509; x_wconf 83' lang='lat' dir='ltr'><strong>succosa</strong></span> <span class='ocrx_word' id='word_1_195' title='bbox 1138 3451 1265 3532; x_wconf 89' lang='lat' dir='ltr'><strong>postea</strong></span> <span class='ocrx_word' id='word_1_196' title='bbox 1290 3437 1433 3509; x_wconf 82' lang='lat' dir='ltr'><strong>facilius</strong></span> <span class='ocrx_word' id='word_1_197' title='bbox 1458 3438 1659 3508; x_wconf 78' lang='lat' dir='ltr'><strong>auferatur.</strong></span> <span class='ocrx_word' id='word_1_198' title='bbox 1710 3439 1828 3508; x_wconf 88' lang='lat' dir='ltr'><strong>Simul</strong></span> <span class='ocrx_word' id='word_1_199' title='bbox 1856 3441 1967 3511; x_wconf 86' lang='lat' dir='ltr'><strong>etiam</strong></span> <span class='ocrx_word' id='word_1_200' title='bbox 1986 3440 2116 3510; x_wconf 86' lang='lat' dir='ltr'><strong>oleum</strong></span> 
     </span>
     <span class='ocr_line' id='line_1_22' title="bbox 421 3554 2116 3685; baseline -0.003 -24"><span class='ocrx_word' id='word_1_201' title='bbox 421 3593 659 3679; x_wconf 88' lang='lat' dir='ltr'><strong>aethereum,</strong></span> <span class='ocrx_word' id='word_1_202' title='bbox 696 3612 772 3657; x_wconf 90' lang='lat' dir='ltr'><strong>non</strong></span> <span class='ocrx_word' id='word_1_203' title='bbox 798 3588 868 3656; x_wconf 90' lang='lat' dir='ltr'><strong>nisi</strong></span> <span class='ocrx_word' id='word_1_204' title='bbox 901 3588 938 3655; x_wconf 90' lang='lat' dir='ltr'><strong>in</strong></span> <span class='ocrx_word' id='word_1_205' title='bbox 970 3586 1066 3655; x_wconf 89' lang='lat' dir='ltr'><strong>libro</strong></span> <span class='ocrx_word' id='word_1_206' title='bbox 1098 3589 1243 3659; x_wconf 86' lang='lat' dir='ltr'><strong>corticis</strong></span> <span class='ocrx_word' id='word_1_207' title='bbox 1270 3554 1600 3680; x_wconf 25' lang='lat' dir='ltr'><strong>contentum,&#39;¹per</strong></span> <span class='ocrx_word' id='word_1_208' title='bbox 1626 3575 1771 3657; x_wconf 82' lang='lat' dir='ltr'><strong>omnem</strong></span> <span class='ocrx_word' id='word_1_209' title='bbox 1796 3592 1970 3658; x_wconf 74' lang='lat' dir='ltr'><strong>corticem</strong></span> <span class='ocrx_word' id='word_1_210' title='bbox 1996 3589 2116 3685; x_wconf 64' lang='lat' dir='ltr'><strong>magis</strong></span> 
     </span>
     <span class='ocr_line' id='line_1_23' title="bbox 418 3713 2116 3857; baseline -0.004 -49"><span class='ocrx_word' id='word_1_211' title='bbox 418 3737 644 3808; x_wconf 87' lang='lat' dir='ltr'><strong>diffunditur.</strong></span> <span class='ocrx_word' id='word_1_212' title='bbox 680 3713 767 3806; x_wconf 51' lang='lat' dir='ltr'><strong>¹Hoc</strong></span> <span class='ocrx_word' id='word_1_213' title='bbox 794 3747 961 3827; x_wconf 89' lang='lat' dir='ltr'><strong>tempore</strong></span> <span class='ocrx_word' id='word_1_214' title='bbox 987 3734 1124 3828; x_wconf 87' lang='lat' dir='ltr'><strong>elapso,</strong></span> <span class='ocrx_word' id='word_1_215' title='bbox 1152 3737 1298 3806; x_wconf 88' lang='lat' dir='ltr'><strong>corticis</strong></span> <span class='ocrx_word' id='word_1_216' title='bbox 1324 3744 1510 3828; x_wconf 85' lang='lat' dir='ltr'><strong>segmenta</strong></span> <span class='ocrx_word' id='word_1_217' title='bbox 1535 3734 1689 3827; x_wconf 83' lang='lat' dir='ltr'><strong>singula,</strong></span> <span class='ocrx_word' id='word_1_218' title='bbox 1715 3733 1815 3827; x_wconf 86' lang='lat' dir='ltr'><strong>ligno</strong></span> <span class='ocrx_word' id='word_1_219' title='bbox 1835 3734 1970 3857; x_wconf 65' lang='lat' dir='ltr'><strong>idpneo</strong></span> <span class='ocrx_word' id='word_1_220' title='bbox 1991 3734 2116 3855; x_wconf 69' lang='lat' dir='ltr'><strong>impo-</strong></span> 
     </span>
     <span class='ocr_line' id='line_1_24' title="bbox 413 3876 1857 4010; baseline -0.007 -52"><span class='ocrx_word' id='word_1_221' title='bbox 413 3876 496 3976; x_wconf 82' lang='lat' dir='ltr'><strong>eita,</strong></span> <span class='ocrx_word' id='word_1_222' title='bbox 526 3885 691 3955; x_wconf 88' lang='lat' dir='ltr'><strong>radendo</strong></span> <span class='ocrx_word' id='word_1_223' title='bbox 717 3884 762 3953; x_wconf 93' lang='lat' dir='ltr'><strong>ab</strong></span> <span class='ocrx_word' id='word_1_224' title='bbox 790 3882 1019 4010; x_wconf 65' lang='lat' dir='ltr'><strong>epidermipe</strong></span> <span class='ocrx_word' id='word_1_225' title='bbox 1045 3893 1082 3952; x_wconf 87' lang='lat' dir='ltr'><strong>et</strong></span> <span class='ocrx_word' id='word_1_226' title='bbox 1100 3893 1209 3974; x_wconf 88' lang='lat' dir='ltr'><strong>&#39;parte</strong></span> <span class='ocrx_word' id='word_1_227' title='bbox 1235 3885 1402 3954; x_wconf 92' lang='lat' dir='ltr'><strong>corticali</strong></span> <span class='ocrx_word' id='word_1_228' title='bbox 1427 3882 1614 3954; x_wconf 86' lang='lat' dir='ltr'><strong>exteriore</strong></span> <span class='ocrx_word' id='word_1_229' title='bbox 1642 3882 1857 3975; x_wconf 77' lang='lat' dir='ltr'><strong>purgantur.</strong></span> 
     </span>
    </p>

    <p class='ocr_par' dir='ltr' id='par_1_4' title="bbox 409 4010 2117 4860">
     <span class='ocr_line' id='line_1_25' title="bbox 515 4010 2112 4123; baseline -0.003 -21"><span class='ocrx_word' id='word_1_230' title='bbox 515 4035 656 4102; x_wconf 85' lang='lat' dir='ltr'><strong>Oortex</strong></span> <span class='ocrx_word' id='word_1_231' title='bbox 681 4030 948 4103; x_wconf 86' lang='lat' dir='ltr'><strong>subarescendo</strong></span> <span class='ocrx_word' id='word_1_232' title='bbox 964 4031 1193 4101; x_wconf 88' lang='lat' dir='ltr'><strong>contrahitur</strong></span> <span class='ocrx_word' id='word_1_233' title='bbox 1218 4032 1256 4101; x_wconf 90' lang='lat' dir='ltr'><strong>in</strong></span> <span class='ocrx_word' id='word_1_234' title='bbox 1281 4032 1441 4104; x_wconf 86' lang='lat' dir='ltr'><strong>formam</strong></span> <span class='ocrx_word' id='word_1_235' title='bbox 1457 4029 1686 4117; x_wconf 90' lang='lat' dir='ltr'><strong>tubulorum,</strong></span> <span class='ocrx_word' id='word_1_236' title='bbox 1716 4031 1779 4122; x_wconf 92' lang='lat' dir='ltr'><strong>qui</strong></span> <span class='ocrx_word' id='word_1_237' title='bbox 1793 4028 1966 4123; x_wconf 84' lang='lat' dir='ltr'><strong>denique,</strong></span> <span class='ocrx_word' id='word_1_238' title='bbox 1983 4010 2112 4115; x_wconf 84' lang='lat' dir='ltr'><strong>modo,</strong></span> 
     </span>
     <span class='ocr_line' id='line_1_26' title="bbox 416 4176 2117 4275; baseline -0.004 -24"><span class='ocrx_word' id='word_1_239' title='bbox 416 4204 526 4275; x_wconf 82' lang='lat' dir='ltr'><strong>supra</strong></span> <span class='ocrx_word' id='word_1_240' title='bbox 555 4180 740 4266; x_wconf 89' lang='lat' dir='ltr'><strong>indicato,</strong></span> <span class='ocrx_word' id='word_1_241' title='bbox 780 4178 819 4247; x_wconf 89' lang='lat' dir='ltr'><strong>in</strong></span> <span class='ocrx_word' id='word_1_242' title='bbox 851 4177 1044 4247; x_wconf 81' lang='lat' dir='ltr'><strong>fasciculos</strong></span> <span class='ocrx_word' id='word_1_243' title='bbox 1080 4187 1127 4262; x_wconf 78' lang='grc' dir='ltr'><strong>4ο</strong></span> <span class='ocrx_word' id='word_1_244' title='bbox 1164 4180 1312 4247; x_wconf 86' lang='lat' dir='ltr'><strong>circiter</strong></span> <span class='ocrx_word' id='word_1_245' title='bbox 1345 4179 1470 4248; x_wconf 85' lang='lat' dir='ltr'><strong>unciae</strong></span> <span class='ocrx_word' id='word_1_246' title='bbox 1505 4178 1633 4272; x_wconf 84' lang='lat' dir='ltr'><strong>longos</strong></span> <span class='ocrx_word' id='word_1_247' title='bbox 1668 4178 1812 4250; x_wconf 84' lang='lat' dir='ltr'><strong>collecti</strong></span> <span class='ocrx_word' id='word_1_248' title='bbox 1850 4187 1888 4248; x_wconf 82' lang='lat' dir='ltr'><strong>et</strong></span> <span class='ocrx_word' id='word_1_249' title='bbox 1911 4198 1979 4269; x_wconf 89' lang='lat' dir='ltr'><strong>per</strong></span> <span class='ocrx_word' id='word_1_250' title='bbox 2002 4176 2117 4245; x_wconf 85' lang='lat' dir='ltr'><strong>unius</strong></span> 
     </span>
     <span class='ocr_line' id='line_1_27' title="bbox 416 4320 2115 4421; baseline -0.002 -24"><span class='ocrx_word' id='word_1_251' title='bbox 416 4330 488 4397; x_wconf 86' lang='lat' dir='ltr'><strong>diei</strong></span> <span class='ocrx_word' id='word_1_252' title='bbox 505 4330 659 4421; x_wconf 87' lang='lat' dir='ltr'><strong>spatium</strong></span> <span class='ocrx_word' id='word_1_253' title='bbox 681 4327 871 4397; x_wconf 79' lang='lat' dir='ltr'><strong>exumbra</strong></span> <span class='ocrx_word' id='word_1_254' title='bbox 888 4326 1035 4395; x_wconf 90' lang='lat' dir='ltr'><strong>demum</strong></span> <span class='ocrx_word' id='word_1_255' title='bbox 1054 4322 1101 4392; x_wconf 89' lang='lat' dir='ltr'><strong>ad</strong></span> <span class='ocrx_word' id='word_1_256' title='bbox 1126 4320 1241 4393; x_wconf 86' lang='lat' dir='ltr'><strong>solem</strong></span> <span class='ocrx_word' id='word_1_257' title='bbox 1266 4325 1412 4419; x_wconf 88' lang='lat' dir='ltr'><strong>perlati,</strong></span> <span class='ocrx_word' id='word_1_258' title='bbox 1439 4326 1585 4421; x_wconf 88' lang='lat' dir='ltr'><strong>penitus</strong></span> <span class='ocrx_word' id='word_1_259' title='bbox 1612 4338 1835 4398; x_wconf 86' lang='lat' dir='ltr'><strong>exarescunt.</strong></span> <span class='ocrx_word' id='word_1_260' title='bbox 1886 4324 1920 4395; x_wconf 89' lang='lat' dir='ltr'><strong>E</strong></span> <span class='ocrx_word' id='word_1_261' title='bbox 1947 4325 2115 4413; x_wconf 89' lang='lat' dir='ltr'><strong>corticis,</strong></span> 
     </span>
     <span class='ocr_line' id='line_1_28' title="bbox 412 4458 2117 4570; baseline -0.004 -22"><span class='ocrx_word' id='word_1_262' title='bbox 412 4480 506 4548; x_wconf 86' lang='lat' dir='ltr'><strong>benc</strong></span> <span class='ocrx_word' id='word_1_263' title='bbox 533 4476 670 4560; x_wconf 86' lang='lat' dir='ltr'><strong>siccati,</strong></span> <span class='ocrx_word' id='word_1_264' title='bbox 699 4473 900 4544; x_wconf 87' lang='lat' dir='ltr'><strong>minoribus</strong></span> <span class='ocrx_word' id='word_1_265' title='bbox 927 4469 1105 4542; x_wconf 84' lang='lat' dir='ltr'><strong>fasciculis</strong></span> <span class='ocrx_word' id='word_1_266' title='bbox 1129 4471 1299 4559; x_wconf 84' lang='lat' dir='ltr'><strong>maiores,</strong></span> <span class='ocrx_word' id='word_1_267' title='bbox 1330 4473 1377 4542; x_wconf 82' lang='lat'><strong>50</strong></span> <span class='ocrx_word' id='word_1_268' title='bbox 1396 4473 1575 4547; x_wconf 87' lang='lat' dir='ltr'><strong>librarum</strong></span> <span class='ocrx_word' id='word_1_269' title='bbox 1590 4474 1695 4570; x_wconf 84' lang='lat' dir='ltr'><strong>Angl.</strong></span> <span class='ocrx_word' id='word_1_270' title='bbox 1716 4475 1893 4569; x_wconf 87' lang='lat' dir='ltr'><strong>pondere,</strong></span> <span class='ocrx_word' id='word_1_271' title='bbox 1915 4458 2117 4541; x_wconf 82' lang='lat' dir='ltr'><strong>conficiun-</strong></span> 
     </span>
     <span class='ocr_line' id='line_1_29' title="bbox 412 4616 2117 4717; baseline -0.005 -21"><span class='ocrx_word' id='word_1_272' title='bbox 412 4639 473 4696; x_wconf 85' lang='lat' dir='ltr'><strong>tur</strong></span> <span class='ocrx_word' id='word_1_273' title='bbox 499 4624 673 4709; x_wconf 86' lang='lat' dir='ltr'><strong>fasciculi,</strong></span> <span class='ocrx_word' id='word_1_274' title='bbox 692 4624 846 4693; x_wconf 82' lang='lat' dir='ltr'><strong>aedibus</strong></span> <span class='ocrx_word' id='word_1_275' title='bbox 870 4621 1038 4714; x_wconf 87' lang='lat' dir='ltr'><strong>publicis,</strong></span> <span class='ocrx_word' id='word_1_276' title='bbox 1062 4619 1101 4688; x_wconf 89' lang='lat' dir='ltr'><strong>in</strong></span> <span class='ocrx_word' id='word_1_277' title='bbox 1123 4616 1296 4690; x_wconf 81' lang='lat' dir='ltr'><strong>Colomdo</strong></span> <span class='ocrx_word' id='word_1_278' title='bbox 1325 4633 1361 4691; x_wconf 87' lang='lat' dir='ltr'><strong>et</strong></span> <span class='ocrx_word' id='word_1_279' title='bbox 1378 4621 1485 4692; x_wconf 81' lang='lat' dir='ltr'><strong>Galle</strong></span> <span class='ocrx_word' id='word_1_280' title='bbox 1502 4624 1641 4717; x_wconf 86' lang='lat' dir='ltr'><strong>oppidis</strong></span> <span class='ocrx_word' id='word_1_281' title='bbox 1660 4625 1697 4693; x_wconf 92' lang='lat' dir='ltr'><strong>in</strong></span> <span class='ocrx_word' id='word_1_282' title='bbox 1720 4624 1817 4692; x_wconf 87' lang='lat' dir='ltr'><strong>bunc</strong></span> <span class='ocrx_word' id='word_1_283' title='bbox 1835 4620 1946 4692; x_wconf 87' lang='lat' dir='ltr'><strong>finem</strong></span> <span class='ocrx_word' id='word_1_284' title='bbox 1966 4629 2117 4689; x_wconf 84' lang='lat' dir='ltr'><strong>exstru-</strong></span> 
     </span>
     <span class='ocr_line' id='line_1_30' title="bbox 409 4767 2114 4860; baseline -0.005 -19"><span class='ocrx_word' id='word_1_285' title='bbox 409 4777 497 4859; x_wconf 85' lang='lat' dir='ltr'><strong>ctis,</strong></span> <span class='ocrx_word' id='word_1_286' title='bbox 533 4772 723 4859; x_wconf 84' lang='lat' dir='ltr'><strong>tradendi,</strong></span> <span class='ocrx_word' id='word_1_287' title='bbox 763 4771 826 4838; x_wconf 91' lang='lat' dir='ltr'><strong>ubi</strong></span> <span class='ocrx_word' id='word_1_288' title='bbox 855 4769 1158 4854; x_wconf 74' lang='lat' dir='ltr'><strong>cinnamomum,</strong></span> <span class='ocrx_word' id='word_1_289' title='bbox 1187 4767 1238 4836; x_wconf 88' lang='lat' dir='ltr'><strong>ita</strong></span> <span class='ocrx_word' id='word_1_290' title='bbox 1263 4780 1455 4860; x_wconf 87' lang='lat' dir='ltr'><strong>paratum,</strong></span> <span class='ocrx_word' id='word_1_291' title='bbox 1485 4770 1667 4859; x_wconf 81' lang='lat' dir='ltr'><strong>examini,</strong></span> <span class='ocrx_word' id='word_1_292' title='bbox 1697 4767 1798 4839; x_wconf 85' lang='lat' dir='ltr'><strong>omni</strong></span> <span class='ocrx_word' id='word_1_293' title='bbox 1825 4789 1907 4837; x_wconf 88' lang='lat' dir='ltr'><strong>oum</strong></span> <span class='ocrx_word' id='word_1_294' title='bbox 1932 4786 2023 4845; x_wconf 82' lang='lat' dir='ltr'><strong>cura</strong></span> <span class='ocrx_word' id='word_1_295' title='bbox 2049 4775 2114 4834; x_wconf 82' lang='lat' dir='ltr'><strong>at-</strong></span> 
     </span>
    </p>
   </div>
   <div class='ocr_carea' id='block_1_3' title="bbox 410 4907 2113 5015">
    <p class='ocr_par' dir='ltr' id='par_1_5' title="bbox 410 4907 2113 5015">
     <span class='ocr_line' id='line_1_31' title="bbox 410 4907 2113 5015; baseline -0.005 -28"><span class='ocrx_word' id='word_1_296' title='bbox 410 4945 480 5015; x_wconf 83' lang='lat' dir='ltr'><strong>que</strong></span> <span class='ocrx_word' id='word_1_297' title='bbox 513 4922 634 5013; x_wconf 83' lang='lat' dir='ltr'><strong>rigore</strong></span> <span class='ocrx_word' id='word_1_298' title='bbox 665 4918 854 5003; x_wconf 80' lang='lat' dir='ltr'><strong>instituto,</strong></span> <span class='ocrx_word' id='word_1_299' title='bbox 881 4916 1091 4987; x_wconf 84' lang='lat' dir='ltr'><strong>subiicitur.</strong></span> <span class='ocrx_word' id='word_1_300' title='bbox 1145 4912 1341 4985; x_wconf 84' lang='lat' dir='ltr'><strong>Fasciculis</strong></span> <span class='ocrx_word' id='word_1_301' title='bbox 1366 4914 1509 5007; x_wconf 87' lang='lat' dir='ltr'><strong>solutis,</strong></span> <span class='ocrx_word' id='word_1_302' title='bbox 1538 4914 1657 4986; x_wconf 91' lang='lat' dir='ltr'><strong>tubuli</strong></span> <span class='ocrx_word' id='word_1_303' title='bbox 1681 4907 1806 4986; x_wconf 84' lang='lat' dir='ltr'><strong>omnes</strong></span> <span class='ocrx_word' id='word_1_304' title='bbox 1832 4910 1966 5014; x_wconf 79' lang='lat' dir='ltr'><strong>singuli</strong></span> <span class='ocrx_word' id='word_1_305' title='bbox 1990 4912 2113 5006; x_wconf 87' lang='lat' dir='ltr'><strong>inspi-</strong></span> 
     </span>
    </p>
   </div>
   <div class='ocr_carea' id='block_1_4' title="bbox 406 5062 2114 5161">
    <p class='ocr_par' dir='ltr' id='par_1_6' title="bbox 406 5062 2114 5161">
     <span class='ocr_line' id='line_1_32' title="bbox 406 5062 2114 5161; baseline -0.006 -21"><span class='ocrx_word' id='word_1_306' title='bbox 406 5072 559 5158; x_wconf 29' lang='lat' dir='ltr'><strong>ciuntur,</strong></span> <span class='ocrx_word' id='word_1_307' title='bbox 579 5079 615 5137; x_wconf 87' lang='lat' dir='ltr'><strong>et</strong></span> <span class='ocrx_word' id='word_1_308' title='bbox 639 5066 854 5156; x_wconf 84' lang='lat' dir='ltr'><strong>seliguntur.</strong></span> <span class='ocrx_word' id='word_1_309' title='bbox 909 5062 1193 5134; x_wconf 82' lang='lat' dir='ltr'><strong>cinnamomum</strong></span> <span class='ocrx_word' id='word_1_310' title='bbox 1216 5064 1255 5133; x_wconf 91' lang='lat' dir='ltr'><strong>in</strong></span> <span class='ocrx_word' id='word_1_311' title='bbox 1283 5063 1356 5134; x_wconf 92' lang='lat' dir='ltr'><strong>duo</strong></span> <span class='ocrx_word' id='word_1_312' title='bbox 1380 5084 1532 5161; x_wconf 81' lang='lat' dir='ltr'><strong>genera,</strong></span> <span class='ocrx_word' id='word_1_313' title='bbox 1560 5064 1731 5141; x_wconf 75' lang='lat' dir='ltr'><strong>videlicet</strong></span> <span class='ocrx_word' id='word_1_314' title='bbox 1755 5065 1793 5133; x_wconf 86' lang='lat' dir='ltr'><strong>in</strong></span> <span class='ocrx_word' id='word_1_315' title='bbox 1817 5063 2114 5134; x_wconf 78' lang='lat' dir='ltr'><strong>cinnamomum</strong></span> 
     </span>
    </p>
   </div>
   <div class='ocr_carea' id='block_1_5' title="bbox 0 0 2245 6096">
    <p class='ocr_par' dir='ltr' id='par_1_7' title="bbox 0 0 2245 6096">
     <span class='ocr_line' id='line_1_33' title="bbox 0 0 2245 6096; baseline 0 0"><span class='ocrx_word' id='word_1_316' title='bbox 0 0 2245 6096; x_wconf 95' lang='lat' dir='ltr'><strong> </strong></span> 
     </span>
    </p>
   </div>
  </div>
 </body>
</html>
