4470 6096
1988 397 2011 471 7

321 650 465 723 adferta
485 644 674 740 Utrosque
684 637 836 711 frutices
862 660 941 709 esse
955 632 1086 708 Viticis
1110 624 1340 726 (agniona)
1365 622 1629 718 magnitudine,
1653 621 1777 691 multis
1794 620 2013 715 lignosiaque

320 797 433 880 ramis
447 790 646 890 praeditos.
672 786 916 857 cinnamomo
942 781 1104 851 ramulos
1130 779 1329 865 tenuiores,
1350 759 1497 848 Cassiae
1515 793 1607 847 raro
1633 769 1830 841 crassiores
1840 763 1875 864 *)
1892 766 2013 841 fibro·

320 963 455 1037 rosque
479 934 595 1009 tribui
621 945 658 1004 et
683 932 818 1003 cortica
845 953 919 1000 non
948 930 1157 1020 exuendos,
1183 925 1305 999 tamen
1331 935 1369 995 et
1391 924 1501 997 huius
1538 921 1660 993 solum
1684 919 1859 991 corticem
1880 918 1917 990 iu
1945 942 2016 991 usu

326 1114 416 1164 esse.
444 1084 598 1158 Co'neidi
623 1084 746 1176 itaqua
770 1101 893 1151 ramos
917 1079 958 1148 in
982 1077 1100 1147 frusta
1125 1077 1283 1147 duorum
1300 1073 1507 1196 'digitorum
1532 1068 1775 1163 longitudine,
1803 1068 2015 1160 recentique

323 1238 426 1308 corio
451 1234 542 1302 haec
567 1227 853 1317 circumvoluta,
898 1224 1068 1320 praesui,
1111 1249 1185 1318 quo
1210 1224 1330 1355 iactp,
1378 1249 1425 1298 ex
1451 1225 1551 1318 liguo
1577 1233 1615 1293 et
1639 1217 1841 1291 corio‘una
1865 1229 2016 1312 putres-

323 1383 490 1455 centibus
517 1371 939 1478 cxortosyermieulos,
966 1374 1168 1446 corrodere
1190 1376 1350 1469 lignum,
1385 1372 1526 1445 cortice
1542 1373 1606 1473 ob
1632 1369 1913 1440 amaritudinem
1937 1366 2015 1436 eius

249 1567 252 1576 ·
323 1532 464 1603 relicto.
504 1529 643 1597 Contra
668 1526 758 1594 haec
783 1523 1070 1625 cinnamomum
1096 1533 1216 1593 toturn
1242 1523 1437 1593 abscissum
1463 1523 1513 1604 (i.
1541 1544 1573 1590 a.
1600 1513 1770 1610 ramum)
1796 1516 1835 1589 in
1852 1515 2013 1610 quinque

324 1678 440 1751 dividi
465 1686 610 1768 partes,
656 1694 856 1766 earumque
888 1680 1093 1742 extremam
1125 1673 1171 1742 ab
1205 1672 1308 1765 apice
1340 1670 1544 1766 spithamas
1574 1666 1802 1762 longitudine
1836 1669 2013 1760 optimam

322 1825 467 1910 haberi,
491 1821 690 1915 plurimum
708 1818 805 1889 euim
826 1817 866 1887 in
890 1818 961 1887 ista
985 1817 1147 1890 inveniri
1171 1819 1331 1910 corticis,
1356 1821 1619 1914 paucissimum
1638 1829 1761 1888 autern
1788 1815 1877 1910 ligni
1901 1817 2014 1886 inuti·

293 2040 297 2045 ,
323 1969 368 2038 lis
383 1967 456 2063 ⁴³),
480 1969 640 2061 reliquas
659 1969 787 2038 ordine
802 1977 925 2062 partes
941 1967 1094 2038 minoris
1113 1990 1191 2037 esse
1205 1968 1464 2061 praestantiae,
1493 1990 1566 2061 quo
1583 1966 1698 2059 magis
1715 1967 1789 2035 sint
1801 1947 2013 2053 iule'riores,

321 2116 533 2207 proximum
566 2125 687 2185 autem
722 2113 838 2183 radici
875 2114 1022 2184 corticis
1059 2111 1248 2215 (φλοιοῦ)
1283 2117 1477 2188 minimum
1513 2116 1650 2186 habere
1675 2116 1830 2208 ideoque
1849 2115 2017 2188 vilissimi

323 2264 445 2356 pendi.
473 2263 650 2336 Fabulam
676 2264 777 2334 addit
803 2265 849 2334 de
875 2265 1108 2361 serpentibus
1121 2227 1137 2356 ,t
1153 2273 1341 2365 'venenato
1366 2285 1492 2333 morsu
1516 2262 1752 2354 perniciosis,
1780 2285 1873 2355 quae
1892 2273 2017 2355 stagna
2126 2244 2134 2261 ⁰

295 2479 298 2494 ,
324 2413 489 2483 nativum
502 2414 733 2483 Cinnamomi
748 2411 891 2483 fruticis
906 2412 1039 2513 solum,
1056 2413 1155 2482 tueri
1176 2410 1342 2483 ferantur
1360 2408 1440 2496 m).
1459 2449 1510 2469 -
1534 2410 1652 2501 Haec,
1678 2392 1825 2481 tametsi
1848 2409 2016 2480 fabulosa

325 2559 502 2652 quaedam
529 2560 704 2630 accedere
730 2560 938 2651 videantur,
966 2562 1052 2631 satis
1077 2582 1259 2655 superque
1284 2571 1407 2631 tamen
1432 2561 1604 2654 probant,
1631 2581 1762 2653 puram
1782 2559 2017 2629 cinnamomi

327 2718 365 2775 et
400 2708 545 2777 Cassiae
581 2730 744 2779 mercem
780 2696 1030 2802 Theophrasti
1062 2706 1294 2801 temporibus
1325 2708 1445 2778 adhuc
1477 2708 1622 2782 venisse
1647 2731 1766 2803 neque
1793 2684 1904 2777 alieni
1928 2707 2017 2807 quid

327 2849 375 2946 (a
408 2850 668 2944 Theophrasto
707 2851 862 2950 saltem)
899 2879 983 2926 cum
1018 2856 1143 2925 Cassia
1179 2878 1259 2925 esse
1292 2854 1496 2927 confusum.
1547 2856 1725 2927 Proxima
1757 2880 1846 2929 vero
1881 2880 1920 2926 ae
1953 2880 2020 2926 se·-

225 3095 228 3099 ,
326 3009 503 3093 quuntur,
530 2997 646 3094 (Hist.
672 3000 721 3093 pl.
747 3001 772 3067 1.
800 3024 833 3092 9.
859 3026 888 3069 c.
916 2998 966 3096 7.)
991 2999 1200 3092 κινάμωμον
1226 3010 1263 3068 et
1287 2995 1546 3098 καρδάμωμου,
1573 3012 1624 3095 et,
1649 2956 1689 3071 in
1714 3002 1813 3074 libro
1839 3003 1885 3073 da
1911 2976 2016 3073 od'o·
2081 3056 2086 3063 .

328 3144 431 3213 ribus
471 3144 520 3228 54
566 3137 639 3236 (ed.
667 3141 774 3211 Sclrn.
801 3166 836 3233 p.
863 3139 999 3236 744.)τ
1026 3141 1292 3251 παραπλησίως
1325 3137 1366 3216 δὲ
1399 3149 1547 3230 τούτοις
1572 3140 1597 3231 ἦ
1627 3156 1691 3232 τῆς
1715 3150 1829 3243 ἀκμῆς
1859 3113 2036 3245 dampnari,

218 3287 228 3304 ‘
325 3290 389 3360 καὶ
415 3294 483 3359 τοῦ
509 3288 742 3382 κιναμώμου,
767 3284 830 3360 καὶ
856 3292 925 3356 τοῦ
949 3286 1119 3358 κόστου
1144 3289 1206 3360 καὶ
1232 3296 1294 3375 τῆς
1319 3293 1465 3378 κασίας.

423 3436 732 3506 Dioscorides
758 3435 783 3504 l.
815 3457 845 3503 1.
868 3458 897 3502 c.
922 3435 979 3504 15.
1002 3435 1299 3533 cinnamomum,
1325 3456 1364 3516 et
1380 3445 1405 3517 1.
1436 3466 1468 3517 1.
1493 3462 1550 3527 aa.
1570 3447 1732 3519 Cassiam
1751 3451 1803 3519 ita
1827 3453 2013 3540 tractavit,

324 3593 367 3653 ut
391 3605 438 3654 ex
461 3582 539 3654 eius
566 3583 712 3672 verbis,
740 3580 834 3650 infra
862 3580 1038 3672 adiectis,
1073 3582 1182 3656 facile
1207 3588 1454 3684 intelligatur,
1489 3615 1574 3664 eum
1597 3593 1746 3669 Cassiae
1779 3608 1950 3670 veterum
1977 3606 2030 3666 et-

325 3730 558 3852 Cinnamomi
583 3730 757 3823 genuinas
776 3731 873 3825 apud
898 3730 1076 3801 barbaros
1101 3733 1685 3825 appellationes·subintellexisse.
1706 3777 1756 3794 -
1804 3739 2014 3826 Cassiamu‘)

386 4050 412 4123 ')
434 4047 631 4132 Παχυτέρας
664 4028 723 4123 (111.Δ
747 4045 977 4134 πλατυτέρας)
1003 4047 1090 4132 ἔχειν
1111 4047 1234 4126 iaderae
1252 4049 1289 4114 δὲ
1309 4051 1457 4143 σφόδρα,
1482 4056 1541 4119 καὶ
1555 4059 1613 4120 οὐκ
1634 4058 1722 4125 εἶναι
1745 4064 1972 4150 περιφλοΐσαι.

365 4161 417 4243 Γ)
440 4162 526 4223 llaec
542 4171 631 4224 recte
650 4159 825 4225 diiudicata
848 4185 935 4243 esse,
963 4162 1103 4248 quisque
1125 4163 1307 4253 intelliget,
1334 4170 1392 4254 qui
1420 4174 1538 4236 ramuli
1559 4177 1721 4239 nascentis
1742 4189 1890 4240 naturam
1906 4183 2014 4244 animo

448 4274 545 4337 simul
565 4275 755 4361 perpendat.
795 4278 942 4342 Crassior
963 4279 1099 4364 quidem
1120 4289 1168 4344 est
1187 4293 1311 4362 cortex,
1336 4305 1397 4369 per
1417 4307 1452 4351 se
1471 4299 1645 4373 spectatas,
1666 4293 1766 4375 partis
1786 4292 1904 4356 ramuli
1926 4294 2014 4359 inse·

449 4391 544 4453 rioris
569 4412 629 4453 seu
651 4392 837 4457 vetustioris
844 4419 854 4468 3
885 4396 1077 4478 comparatis
1104 4406 1214 4460 autem
1234 4397 1322 4462 inter
1338 4420 1393 4481 ae,
1411 4404 1519 4486 quoad
1539 4405 1683 4483 molem,
1710 4407 1802 4491 liguo
1823 4417 1856 4472 et
1878 4411 2014 4491 cortice,

448 4503 538 4565 hune
569 4507 607 4580 (i.
629 4527 657 4568 e.
676 4507 830 4569 corticem
850 4530 908 4571 sen
930 4509 1143 4591 cellularum,
1176 4513 1590 4598 praesertimnfibrorarnm,
1618 4529 1828 4608 compagem)
1862 4524 1898 4587 in
1921 4524 2013 4612 apice

447 4619 566 4681 ramuli
587 4621 712 4684 tenello
735 4621 834 4708 louge
853 4623 1042 4705 crassiorem
1068 4625 1227 4694 invenies.

445 4735 568 4917 Baelo:
606 4738 675 4800 fere
708 4739 952 4805 Herodotus
978 4740 1079 4806 habet
1098 4742 1140 4809 de
1167 4745 1329 4828 Cassio,
1357 4770 1376 4811 a
1406 4747 1500 4812 turba
1524 4751 1806 4838 vespertilionum
1823 4753 2011 4822 rabidorum

448 4851 508 4913 aer
563 4874 591 4914 a.

382 4970 419 5047 ἦ)
440 4967 519 5050 Cap.
541 4968 616 5032 ΧΠ.
637 4969 755 5033 Karoia
773 5003 817 5025 ν-
838 4970 905 5057 ixei
921 4973 956 5036 δὲ
974 4973 1099 5057 ῥάβδου
1119 4975 1332 5065 παχύφλοιου
1343 5022 1354 5056 ,
1378 4978 1491 5081 φύλλα
1507 4979 1545 5044 dl
1563 4983 1602 5058 ὡς
1623 4982 1802 5067 πεπέρεως·
1826 4985 1957 5071 ixi-tyara
1976 4987 2012 5049 dt

317 5118 320 5123 ·
444 5081 508 5159 τὴν
528 5082 698 5169 impios,
719 5090 869 5172 εὕχσουν,
890 5091 1161 5174 κοραλλλζουσαυ,
1176 5095 1297 5170 στενὴν
1317 5095 1408 5173 λίαν,
1436 5097 1567 5184 μακρὰν
1579 5098 1805 5185 καλπαχεϊαν
1820 5109 1889 5168 τῶν
1904 5123 2011 5186 συριγ-

363 4734 422 4814 m,
