4470 6096
234 397 237 403 ’
290 425 341 499 so

166 724 168 728 Α
287 654 567 748 dibuliformes‚
589 655 741 748 stellati,
769 676 890 728 ramos
915 643 1131 729 terminant.
1184 657 1309 753 Oalyei
1336 662 1468 754 exiguo
1493 662 1727 737 viridescenti
1752 664 1821 736 llos
1836 667 1985 739 insidet.

290 807 453 878 Stamina
478 809 527 899 6„
553 807 799 904 pallescentia.
865 805 1131 880 Odorflorum
1170 819 1320 901 gratus,
1359 809 1407 879 ad
1436 809 1526 881 Lilii
1560 812 1792 886 Conrallium
1826 814 1987 888 halitum
2056 803 2058 807 ¹

289 958 465 1028 accedens
491 953 544 1055 (l)
567 995 618 1014 ·-
642 959 801 1030 Fructus
826 967 912 1030 sunt
941 957 1074 1030 barrae
1099 956 1501 1050 oblongo-rotundae,
1528 960 1740 1034 maturitate
1765 963 1895 1060 adapta
1919 968 1988 1034 ni-

289 1127 378 1199 grae
411 1105 472 1178 vel
504 1107 608 1179 fusco
622 1148 644 1161 -
659 1107 873 1198 coeruleus,
917 1105 1085 1178 nitentes.
1149 1104 1227 1176 Sub
1260 1090 1365 1181 tshui
1399 1106 1569 1202 pellicula
1602 1111 1792 1183 continent
1833 1067 2011 1186 earnem,

289 1279 466 1351 paucam,
504 1258 570 1328 ubi
603 1257 693 1331 latet
725 1279 876 1329 semen
920 1255 1088 1344 unicum,
1126 1251 1288 1349 grande,
1336 1267 1446 1331 ovato
1473 1294 1496 1310 -
1521 1255 1743 1348 rotundum,
1790 1259 1983 1354 glabrum,

289 1416 385 1477 testa
410 1407 645 1500 cartilaginea
670 1407 783 1478 tenui.
834 1403 999 1476 Nucleus
1024 1404 1064 1475 in
1089 1402 1179 1474 duas
1203 1414 1326 1498 partes
1352 1405 1510 1498 divisus,
1537 1401 1786 1501 (cotyledones
1798 1406 1831 1505 ,)
1862 1409 1987 1481 incar-

192 1578 195 1583 ·
288 1564 408 1625 natus.
437 1593 483 1609 -
518 1561 659 1628 Baccae
682 1557 753 1628 hae
778 1555 938 1626 insident
963 1550 1078 1647 calyci
1101 1573 1168 1623 seu
1192 1551 1372 1647 cupulae,
1406 1575 1501 1648 quae
1537 1575 1602 1627 sex
1642 1555 1853 1650 cuspidibus
1897 1579 1991 1628 acu·

289 1704 478 1792 minatur,
515 1703 639 1775 colore
665 1694 1014 1778 virescenti-lusco
1037 1699 1264 1797 praeditae«

391 1850 538 1940 Quibus
580 1851 748 1923 omnibus
786 1849 997 1945 perpensis,
1030 1871 1150 1943 noque
1183 1847 1235 1959 sil
1263 1850 1546 1926 Prunilerarum
1558 1906 1570 1948 ,
1612 1863 1732 1952 neque
1764 1857 1811 1925 ad
1835 1854 1989 1928 Nuoife-

291 2022 433 2092 rarum,
462 2023 582 2095 nequo
607 2001 722 2095 magis
749 1999 795 2071 ad
822 1998 1126 2070 Glanalilerarum
1142 1997 1301 2072 familias
1317 1998 1553 2076 referendam
1579 2026 1657 2076 esse
1681 2004 1776 2076 hanc
1795 1964 1986 2094 arborem,

297 2152 485 2246 colligitur
511 2154 556 2225 ab
582 2149 765 2243 Auctore,
793 2152 859 2224 sed
883 2150 1080 2223 anomalon
1106 2161 1187 2250 eam
1212 2153 1334 2246 potius
1358 2154 1581 2227 constituere
1606 2177 1730 2250 genus.

213 2260 223 2271 f
393 2302 559 2374 Patriam
582 2301 670 2374 huic
695 2301 844 2374 solam
871 2324 975 2373 esse
1000 2302 1137 2398 Zeylan
1161 2299 1341 2392 insulani,
1368 2324 1489 2397 neque
1521 2302 1560 2372 in
1590 2324 1635 2372 ea
1657 2324 1805 2398 quoque
1828 2300 1996 2394 undique

293 2449 425 2538 nasci,
448 2447 515 2519 sed
536 2448 685 2519 demum
709 2457 812 2520 trans
843 2445 980 2521 Chilon
995 2446 1162 2537 flurium,
1182 2451 1221 2522 in
1246 2453 1458 2546 regionibus
1483 2451 1678 2548 Negumbo
1705 2462 1744 2524 et
1768 2455 1869 2524 circa
1893 2453 1997 2524 'Gale

291 2594 468 2688 inveniri,
496 2596 622 2668 deesse
648 2595 689 2665 in
712 2603 792 2666 toto
818 2593 988 2667 districtu
1011 2594 1304 2694 Iasnapatnom,
1333 2626 1454 2698 neque
1478 2605 1519 2673 in
1542 2602 1715 2677 Monoor
1732 2600 1858 2676 Insula
1879 2599 1997 2673 ullam

293 2745 506 2837 provenire.

392 2893 438 2964 In
469 2895 569 2967 lova
595 2907 632 2966 et
661 2891 888 2968 Moloboria
914 2916 1007 2990 quae
1032 2905 1192 2985 crescat,
1234 2892 1445 2965 Cassiam
1482 2893 1688 2987 ligneam
1721 2915 1826 2983 esse,
1868 2912 1994 2987 quaro

293 3044 405 3114 etiam
428 3041 540 3135 lolia,
580 3044 667 3115 indo
701 3043 877 3135 collecta,
911 3043 1081 3115 dieantur
1112 3039 1436 3134 Malabathri,
1469 3040 1572 3136 quasi
1608 3033 1996 3135 Mal·abarioa('l),

296 3211 390 3282 quae
415 3189 489 3260 sint
514 3186 608 3259 nihil
632 3186 754 3278 aliud,
791 3186 863 3257 nisi
887 3184 978 3256 lolia
1003 3186 1152 3281 Cassiae
1175 3187 1330 3278 ligneae.
1382 3184 1574 3258 Hactenus
1599 3187 1812 3262 Goellerus.

935 3504 981 3532 .
1066 3432 1207 3530 tw·

397 3637 584 3709 Posthaec
609 3644 746 3727 autem,
774 3658 857 3710 cum
883 3635 1064 3708 Paulus
1091 3635 1397 3728 Hermannus,
1425 3614 1658 3730 praematura
1673 3645 1794 3708 morte
1807 3633 2002 3730 abreptus,

301 3784 496 3857 consilium
529 3806 638 3856 suum
664 3783 871 3855 exorandae
916 3783 1207 3858 absolutissimae
1243 3766 1480 3858 Cinnamomi
1520 3783 1696 3855 historiae
1731 3781 1886 3877 exsequi
1922 3805 2002 3855 non

298 3903 490 4029 potuisset,
519 3931 612 4002 alius
630 3931 779 4026 quidam
798 3930 869 4003 Vir
888 3931 1063 4024 Batavus,
1089 3934 1302 4026 praeclarus
1328 3934 1393 4004 ille
1420 3933 1725 4022 Burmannus,
1746 3932 1785 4000 in
1803 3913 2002 4002 Thesauro

299 4077 596 4174 squeylanico,
616 4079 824 4171 ann01757
852 4080 965 4169 edito,
992 4104 1051 4171 aa,
1076 4104 1171 4176 quaa
1195 4082 1244 4152 de
1270 4081 1516 4152 cinnamomo
1540 4078 1694 4150 dicenda
1718 4077 1952 4167 viderentur,
1980 4099 2003 4146 a

299 4231 423 4305 Musei
436 4228 636 4324 chlaniei,
660 4239 746 4324 post
771 4229 913 4300 obitum
938 4224 1203 4299 Hermanni
1226 4221 1411 4316 impressi,
1438 4244 1580 4296 summa
1604 4218 1820 4293 confusione
1836 4221 2005 4333 suscepit

302 4379 587 4466 vindicasset)
620 4379 695 4454 Sed
719 4379 817 4454 male
841 4401 903 4452 res
927 4379 1100 4451 successit
1130 4377 1319 4472 evasitque
1349 4375 1464 4469 magis
1493 4377 1532 4446 in
1566 4374 1851 4462 detrimentum,
1887 4393 2002 4464 quam

301 4527 341 4600 in
366 4528 655 4605 emolumentum
676 4527 789 4603 huius
813 4527 929 4624 partis
953 4525 1156 4615 doctrinae,
1194 4525 1241 4595 ad
1261 4524 1543 4598 Cinnamomum
1568 4523 1779 4620 spectantis,
1803 4542 1913 4617 quam
1938 4519 2007 4591 rix

303 4678 464 4773 denique
495 4700 519 4747 a
553 4675 773 4752 Hermanno
807 4676 848 4746 in
880 4674 1002 4747 lucem
1033 4672 1202 4769 protrahi
1236 4683 1404 4767 coeptam
1436 4672 1686 4764 cognorimus.
1718 4667 1861 4753 Mirum
1884 4688 1999 4760 saue,

305 4849 389 4899 eum
413 4837 566 4921 praeter
590 4824 705 4921 ipsius
730 4822 994 4899 Hermanni
1028 4821 1124 4895 bone
1148 4820 1329 4894 exsiccata
1351 4819 1549 4914 herbaria,
1588 4818 1822 4894 Gronorii
1850 4836 2002 4913 quoque

326 5142 372 5223 st)
392 5143 429 5205 1..
450 5162 478 5206 c.
500 5163 531 5228 p.
551 5142 592 5207 62
613 5161 686 5226 sqq,
