4470 6096
324 434 375 510 10

319 661 538 755 quisitamm
570 657 808 730 multitudine
836 671 873 742 et
899 617 1140 752 repugnantia
1166 662 1338 735 obrutum
1365 667 1656 764 deceptumque,
1687 670 1780 742 falsa
1801 673 2024 768 prodidisse.

319 809 444 878 Porro
477 818 602 877 autem
633 778 824 898 distinguit
847 806 1188 882 cinnamomum
1212 836 1235 882 a
1262 813 1445 886 Cassia:
1482 816 1643 889 »Illius
1668 819 1793 891 frutici
1819 824 2025 895 duorum

318 959 595 1028 cubitorum
619 978 798 1026 summam
819 955 1051 1028 altitudinem
1074 981 1168 1049 esse,
1195 961 1336 1053 palmi
1360 963 1561 1056 minimam,
1590 967 1792 1037 crassitiem
1815 969 2026 1061 digitorum

319 1119 501 1204 quatuor3
528 1108 632 1178 arido
661 1107 778 1177 simile
805 1103 945 1203 esse(?)
969 1131 1053 1178 cum
1078 1108 1252 1198 virescat,
1280 1131 1356 1179 non
1383 1110 1590 1200 odoratum,
1617 1110 1754 1182 foliis
1782 1110 1870 1182 Ori
1879 1118 2019 1206 gani,

317 1257 477 1348 gaudere
503 1255 582 1326 solo
614 1255 710 1324 sicco
735 1254 905 1355 gignique
930 1255 969 1324 in
994 1254 1113 1348 planis
1136 1259 1235 1328 inter
1259 1281 1391 1353 vepres
1418 1273 1455 1330 et
1481 1263 1607 1352 rubos,
1637 1261 1787 1333 diffictte
1813 1263 2016 1335 collectum

317 1408 424 1480 Haec
448 1418 550 1478 certe
576 1406 859 1478 cinnamomum
883 1430 959 1478 non
986 1408 1109 1498 olent,
1137 1406 1203 1476 sed
1228 1427 1323 1498 quae
1349 1416 1572 1499 sequuntur,
1616 1430 1637 1476 e
1663 1408 1925 1502 Theophrasto
1942 1435 2021 1483 ex-

194 1552 197 1557 ’
316 1566 462 1651 cerpta,
499 1556 574 1628 iam
599 1544 730 1626 melius
755 1567 973 1659 congruunt.
992 1595 1042 1610 -
1091 1554 1255 1642 Comici,
1283 1554 1306 1621 i.
1334 1577 1366 1622 e.
1392 1555 1512 1643 libro,
1539 1557 1736 1626 maximam
1766 1558 1842 1629 vim
1875 1559 2020 1652 inesse,

315 1709 439 1800 itaque
463 1709 701 1801 praecipuam
724 1707 927 1779 bonitatem
951 1708 1067 1778 tribui
1103 1705 1334 1801 uirgulorum
1359 1707 1580 1795 tenuissimis
1605 1708 1793 1799 partibus,
1821 1711 1867 1779 ad
1894 1709 2020 1802 longi-

314 1856 482 1925 tudinem
506 1855 619 1950 palmi
644 1852 713 1950 (ab
739 1856 841 1950 apice
867 1856 1000 1924 ramuli
1025 1854 1253 1945 metiendo),
1282 1858 1481 1927 secundam
1506 1857 1683 1950 proximis
1710 1858 1882 1930 breviore
1897 1881 2012 1929 men·

316 2028 403 2075 sura
428 2007 542 2076 etita
569 2005 726 2097 ordine;
753 2003 968 2079 vilissimum
996 2004 1140 2096 haberi,
1173 2008 1273 2098 quod
1298 2006 1481 2077 radicibus
1507 2009 1736 2099 proximum,
1765 2008 1939 2100 quoniam
1959 2008 2019 2082 ibi

313 2154 507 2225 minimum
530 2155 577 2223 sit
604 2153 749 2223 corticis
776 2175 843 2222 seu
868 2152 955 2222 libri
976 2149 1033 2241 *);
1059 2151 1242 2243 praeferri
1266 2152 1391 2244 itaque
1417 2152 1665 2239 cacumina.
1681 2191 1727 2205 -
1743 2152 1871 2244 Ipsum
1885 2165 2019 2225 autem

314 2300 492 2397 lignum
524 2303 562 2370 in
595 2298 745 2370 fastidio
772 2323 873 2390 esse,
920 2311 1074 2393 propter
1099 2297 1324 2397 Origani**)
1349 2302 1608 2388 acrimoniam,
1635 2301 1753 2396 idque·
1771 2301 2018 2397 Xylocin-

314 2423 583 2521 namomum
608 2450 744 2521 vocari.

413 2599 519 2688 Quae
546 2619 593 2666 ex
622 2596 679 2665 his
698 2582 930 2688 sequuntur,
971 2596 1024 2665 ita
1045 2594 1284 2688 explicamus:
1320 2595 1504 2681 Plinium,
1531 2595 1678 2664 tametsi
1710 2594 1757 2664 de
1777 2595 1902 2688 planta
1928 2599 2020 2672 viva

313 2749 405 2822 nihil
430 2749 597 2841 'unquam
632 2747 849 2837 accepisset,
889 2767 1011 2817 ramos
1044 2757 1166 2817 tamen
1199 2745 1432 2816 Cinnamomi
1457 2744 1697 2838 integros,
1737 2741 1782 2839 (e
1809 2747 1951 2816 cortice
1976 2759 2018 2817 et

312 2901 412 2991 ligno
439 2905 686 2983 constantes),
727 2892 999 2990 exsiccatosque
1031 2897 1116 2963 satis
1142 2894 1373 2989 cognovisse,
1413 2895 1492 2987 qui
1518 2914 1631 2983 ergo
1666 2901 1882 2963 veterum
1916 2893 2016 2968 Ro-

311 3067 552 3118 manorum
598 3041 947 3112 cinnamomum
979 3051 1089 3107 sunt
1119 3040 1340 3112 habendi.
1393 3041 1538 3113 Verum
1575 3039 1674 3130 quod
1705 3039 1834 3108 abraso
1869 3041 2015 3111 cortice

309 3196 471 3284 lignum,
498 3214 564 3261 seu
589 3188 979 3281 xylocinnamomum,
1006 3207 1128 3253 acrem
1156 3184 1387 3277 Camplrorae
1413 3179 1494 3276 (seu
1522 3183 1694 3280 Origani)
1722 3186 1875 3256 odorem
1905 3210 2016 3280 spar-

311 3353 436 3434 geret,
474 3360 541 3433 per
574 3338 613 3405 id
643 3335 835 3426 inductus,
874 3332 935 3406 vel
960 3330 1103 3400 Plinius
1129 3332 1227 3432 ipse,
1269 3329 1329 3401 vel
1366 3329 1458 3398 alius
1494 3332 1694 3424 quispiam,
1729 3331 1855 3403 frutici
1881 3332 2015 3408 folia

310 3484 635 3586 quoqueOrigano
661 3482 793 3554 similia
819 3479 946 3550 affixit.
974 3480 1188 3550 Firmantur
1212 3477 1303 3547 haec
1329 3478 1440 3547 etiam
1466 3478 1558 3568 istis,
1588 3478 1817 3572 quael.c.de
1835 3479 2012 3554 colore

311 3636 544 3711 Cinnamomi
570 3636 705 3724 nigro
733 3641 770 3700 et
801 3629 908 3699 albo
934 3627 1109 3720 legimus3
1142 3649 1300 3719 namque
1326 3624 1480 3720 apices
1506 3624 1737 3696 ramulorum
1769 3638 1936 3697 recentes
1970 3639 2010 3698 et

308 3747 518 3876 tenerrimi*
537 3779 753 3851 exsiccando
787 3777 1019 3868 nigredinem
1049 3774 1230 3865 induunt,
1277 3796 1361 3867 pars
1393 3774 1513 3844 media
1539 3784 1663 3845 autem
1687 3772 1819 3842 albicat
1850 3772 1898 3843 ob
1920 3774 2009 3866 epi·-

308 3935 512 4006 dermidem
546 3929 804 3999 residuam-
839 3924 946 3999 Iurat
970 3933 1164 4017 repetere,
1209 3946 1303 4016 quae
1340 3923 1387 3992 de
1423 3922 1654 3993 Cinnamomi
1690 3922 1787 4013 apud
1814 3921 2005 3993 Romanos

305 4082 426 4177 pretio
452 4080 593 4150 Plinius
619 4074 751 4146 refert:
779 4074 919 4144 scilicet
942 4074 981 4142 in
1006 4072 1141 4141 libram
1166 4070 1346 4162 singulam
1371 4068 2006 4163 pretiumsuisseXylocinnamomo

306 4232 475 4301 denarios
502 4230 664 4314 vicenos,
692 4222 861 4307 (circiter
885 4219 977 4289 duos
1003 4217 1185 4288 'Phaleros
1211 4218 1440 4303 Boruss.)-
1464 4220 1603 4310 optimo
1616 4230 1739 4289 autem
1757 4216 2006 4322 cinnamomo

305 4380 345 4448 in
381 4379 494 4447 libras
528 4373 721 4444 denarium
745 4368 862 4440 millia
895 4377 992 4453 (100
1023 4363 1254 4458 Thaleros);
1296 4367 1336 4436 id
1371 4366 1531 4460 pretium
1557 4354 1715 4461 denique
1741 4365 1894 4437 dimidio
1920 4387 2005 4436 esse

307 4536 452 4595 auctum
464 4574 474 4610 ,
502 4522 657 4592 incensis
682 4521 740 4590 ira
764 4516 1010 4591 barbarorum
1035 4512 1148 4587 silvis.

305 4786 600 4812 ...---——--

366 4982 391 5056 Ἴ
414 4979 496 5039 Silet
522 4976 577 5037 hic
599 4971 859 5056 Theophrastum
894 4966 1042 5031 succedit
1066 4963 1130 5026 alia
1152 4983 1225 5028 rou.

351 5124 393 5202 **)
416 5119 644 5204 Camphorae'?
