4470 6096
306 414 355 531 to

306 708 409 763 mum
440 686 667 780 eveherent,
711 708 826 785 esque
865 690 988 762 omnia
1020 689 1155 764 deinde
1187 693 1389 787 Omna,
1442 703 1506 765 aut
1537 697 1576 765 in
1601 678 1758 768 Arabiae
1783 684 1909 768 oram*
1926 722 2016 771 ma-

305 843 468 914 ritimam
503 838 702 932 deportari.
776 837 858 908 Hos
895 851 1015 909 autem
1053 843 1242 933 omnium,
1296 843 1427 936 quibua
1451 846 1572 936 pretia
1607 847 1785 917 mercium
1810 830 2015 943 augerent,

304 1000 622 1079 commentorum,
651 987 698 1058 ab
723 984 918 1058 Herodoto
942 988 1197 1081 proditorum,
1223 990 1336 1061 fuisse
1361 991 1604 1076 inventores«

408 1136 633 1208 Garoiam
658 1157 739 1206 rem
753 1136 892 1229 optime
915 1134 1156 1228 intellexisse,
1183 1160 1232 1208 ex
1252 1162 1297 1208 eo
1310 1139 1417 1210 nobis
1437 1161 1652 1232 persuasum
1677 1146 1947 1236 est,quonia1n
1969 1170 2017 1218 se

305 1287 358 1358 in
390 1286 522 1355 ludia
552 1284 662 1377 plura
693 1306 804 1377 quam
831 1281 905 1352 duo
940 1307 1028 1354 non
1068 1286 1343 1359 observasse
1379 1309 1516 1378 genera
1557 1286 1790 1359 cinnamomi
1824 1291 2013 1386 affirmat,

309 1431 483 1506 videlicet
507 1430 607 1524 quod
628 1431 718 1501 inc
732 1430 872 1525 eylan
895 1443 1066 1504 nascatur
1092 1442 1130 1502 et
1154 1432 1254 1524 quod
1275 1432 1314 1500 in
1330 1430 1439 1503 lava
1463 1443 1500 1502 et
1521 1432 1748 1507 Malabar.
1777 1435 1881 1508 Illud
1903 1464 2016 1534 prae

306 1583 461 1653 stantius
485 1603 588 1673 esse,
614 1592 694 1652 ete
720 1581 858 1651 tubulis
881 1593 1049 1651 constare
1074 1581 1255 1651 tenuioris
1276 1579 1519 1669 substantiae,
1543 1581 1729 1655 interdum
1747 1595 1872 1658 tamen
1894 1590 2017 1660 etiam

307 1727 504 1821 ignobilius
556 1730 655 1798 istud
700 1728 822 1821 ipsum
865 1729 1047 1819 inveniri,
1088 1727 1196 1821 quale
1235 1729 1306 1818 sit,
1357 1728 1456 1821 quod
1496 1730 1730 1799 crassiori
1768 1733 1816 1802 sit
1867 1736 2017 1806 cortice

304 1880 498 1970 nrinusque
532 1877 572 1946 in
593 1878 741 1948 tubulos
763 1877 1015 1951 convolvatur.
1066 1876 1173 1966 Quae
1198 1876 1350 1951 veroin
1373 1876 1632 1946 Melabaria
1656 1889 1881 1972 nascantur,
1906 1893 2017 1954 tota

306 2025 411 2097 fere
435 2048 536 2097 esse
558 2026 816 2117 ignobilia,
837 2035 1054 2116 tantumque
1080 2047 1102 2091 a
1125 2022 1330 2116 Zeylanicis
1353 2021 1525 2113 differre,
1552 2035 1595 2094 ut
1619 2039 1793 2096 centenae
1814 2028 2017 2123 Zeylanioi

305 2174 427 2244 librae
445 2175 573 2245 decem
594 2196 726 2244 aureos
739 2173 914 2267 pendant,
946 2169 1162 2241 Melabarici
1183 2192 1275 2243 vero
1294 2170 1411 2242 librae
1441 2172 1724 2265 quadringentae
1751 2197 1869 2246 unum
1885 2178 2018 2252 dum-

306 2330 411 2390 taxat
435 2343 601 2393 aureum.
1430 2412 1433 2418 Ι
1475 2418 1478 2423 ι

409 2469 608 2540 Caeterum
634 2467 771 2538 similes
797 2467 970 2537 dicuntur
992 2466 1037 2536 ab
1058 2465 1198 2538 Autore
1219 2469 1411 2560 utriusque
1431 2468 1665 2540 cinnamomi
1689 2493 1753 2540 seu
1780 2472 2016 2546 Canellae

306 2619 459 2690 arbores
477 2618 531 2701 *):
559 2615 674 2687 Oleae
700 2615 962 2709 magnitudine,
990 2617 1177 2684 interdum
1203 2616 1379 2704 minores,
1401 2616 1524 2684 multis
1552 2617 1663 2687 ramis
1686 2619 1901 2711 praeditae,
1928 2645 2014 2695 non

307 2767 352 2834 iis
379 2766 527 2859 quidem
554 2764 752 2851 contortis,
793 2761 857 2831 sed
884 2763 1015 2848 rectis,
1053 2760 1153 2828 foliis
1178 2759 1296 2829 Lauri
1323 2763 1472 2853 quidem
1498 2736 1645 2854 colore,
1683 2767 1749 2835 sed
1772 2765 1932 2837 forma
1953 2771 2013 2839 ad

309 2913 437 2983 citri
461 2911 585 2983 folia
609 2910 886 3000 accedente,
914 2908 1068 2979 floribus
1095 2907 1275 2999 candidis,
1303 2906 1428 2978 fructu
1452 2910 1557 3002 nigro
1584 2921 1621 2982 et
1647 2914 1828 3007 rotundo,
1855 2917 2010 3010 exiguis

305 3059 412 3135 olivis
434 3059 558 3130 simili.
846 3024 865 3050 κ

331 3168 337 3184 ,
403 3205 644 3278 Canellam
671 3205 765 3274 nihil
790 3204 890 3275 aliud
915 3225 1014 3293 esse,
1051 3226 1094 3271 ac
1120 3201 1450 3306 interiorem-ligni
1478 3205 1676 3298 corticem,
1711 3205 1912 3278 eramulis
1938 3208 2011 3278 di-

305 3357 372 3449 giti
407 3353 572 3439 crassitie
605 3352 827 3423 delibratum
861 3360 901 3421 et
933 3350 980 3419 ad
1012 3349 1128 3422 solem
1159 3350 1329 3420 siccando
1362 3351 1626 3446 convolutum,
1667 3355 1769 3426 cuius
1795 3362 1832 3424 et
1862 3355 2010 3428 ardore

304 3504 462 3575 rubrum
492 3499 656 3584 colorem
680 3496 883 3568 contrahat.
933 3495 1093 3590 Lignum
1119 3498 1316 3593 insipidum
1343 3523 1442 3593 esse,
1469 3503 1608 3595 saligno
1633 3501 1765 3574 simile.

410 3646 600 3718 Clusius
617 3646 696 3738 ipse
712 3641 875 3713 ramulos
897 3642 970 3715 iam
995 3644 1141 3717 uiderat
1165 3647 1339 3738 integros,
1355 3660 1436 3720 tum
1450 3650 1488 3719 in
1506 3648 1636 3742 Belgio
1649 3651 1745 3745 apud
1758 3648 2005 3723 Nicolaum

306 3796 622 3885 Valdanram,
649 3791 893 3887 Brugensem,
923 3804 961 3864 et
985 3791 1099 3864 alium
1123 3794 1307 3889 quendam
1333 3796 1578 3868 clarissimum
1605 3801 1746 3890 virum,
1774 3766 2003 3872 Catulum

303 3973 327 4018 a
351 3923 419 4036 DL,
445 3901 789 4032 Andomarum,
816 3951 895 4013 turn
920 3962 1016 4012 anno
1042 3940 1258 4016 MDLXXI
1285 3943 1503 4015 Eristolii
1531 3945 1630 4038 apud
1657 3946 1877 4020 Thomam
1911 3949 2001 4023 Re-

191 4158 193 4162 ,
305 4097 538 4189 (ligerum,
559 4127 608 4150 ι-
633 4112 795 4186 quorum
820 4090 1043 4162 luculentam
1068 4090 1357 4182 descriptionem
1382 4102 1421 4160 et
1443 4091 1596 4162 nitidam
1621 4092 1815 4184 imaginem
1839 4099 1999 4191 paginae

306 4265 371 4333 ¹7¹
401 4242 525 4337 operis
548 4239 608 4311 sui
631 4238 782 4309 addidit.
910 4312 914 4323 ,

405 4389 648 4463 carellam
685 4389 859 4476 albam,
898 4383 1092 4456 Americae
1125 4380 1376 4453 meridionalis
1409 4383 1649 4478 inquilinam,
1689 4386 1835 4457 disertis
1867 4393 1995 4463 verbis

164 4566 170 4577 ·
254 4623 255 4626 Ἴ
305 4545 404 4618 idem
430 4541 622 4614 Clusius
654 4542 729 4613 iam
755 4510 964 4627 distinguit,
1003 4532 1217 4627 nullamque
1250 4545 1289 4604 et
1311 4533 1351 4603 in
1374 4530 1549 4604 Africa
1579 4534 1790 4607 huiusmodi
1814 4536 1994 4611 arborem

297 4692 413 4789 gigni,
450 4690 685 4763 demonstrat.

339 4980 595 5092 ')'Malabaricas
623 5010 695 5074 illas
717 4987 924 5073 cinnamomi
943 5004 1074 5071 arbores
1092 5003 1274 5091 Zeylauicia
1295 5004 1438 5070 minores
1459 5026 1588 5092 semper
1601 5005 1766 5085 inveniri,
1794 5014 1989 5071 nontamen

419 5126 579 5209 humiles,
616 5126 732 5212 quales
754 5123 904 5191 aPlinio
932 5134 964 5189 et
988 5122 1159 5195 Galenol.
1189 5120 1485 5188 e.'describuntur.
