4470 6096
316 425 361 501 12

312 654 550 729 Cinnamomi
579 655 734 760 surculis
760 653 981 742 simillimos,
1016 654 1080 743 ait,
1108 654 1326 751 sevidisse,
1354 659 1502 735 corticis
1527 666 1705 742 tenuitate
1732 681 1770 741 at
1794 669 2020 746 firmissimis

311 802 547 876 Cinnamomi
571 804 667 874 notis
692 798 860 879 inodora
886 812 1056 896 et-gustu
1080 803 1338 904 deprehensis3
1365 813 1496 907 quibus
1512 817 1634 911 itaque
1653 821 1849 915 evincitur,
1867 836 2020 901 utrum·

310 979 381 1052 qua
417 965 623 1055 aromatum
647 977 787 1049 genus,
828 951 1068 1026 artificiosum
1104 977 1238 1049 nempe
1271 967 1309 1028 et
1332 960 1464 1052 (rude,
1504 987 1589 1035 cum
1614 966 1660 1035 ab
1685 978 1792 1037 acuto
1826 970 2017 1047 observa-

311 1118 395 1180 tore
427 1103 476 1178 ad
500 1108 615 1203 ipsam
639 1118 807 1179 naturam
834 1129 1028 1202 ramosque
1053 1107 1218 1199 integros
1230 1158 1242 1199 ,
1283 1108 1399 1181 siccos
1423 1121 1568 1202 tamen,
1598 1131 1914 1210 compararentur,
1934 1124 2015 1195 iam

311 1259 497 1352 distingui
517 1281 592 1328 non
618 1257 774 1352 amplius
798 1258 983 1353 potuisse,
1021 1279 1186 1354 voceque
1210 1256 1353 1358 ¹etiam,
1387 1261 1443 1331 uti
1467 1259 1567 1332 forte
1592 1283 1719 1356 reapse
1746 1278 1874 1359 crant,
1911 1292 2014 1365 pro-

309 1406 449 1478 miscue
474 1429 554 1478 esse
579 1417 763 1503 usurpata

330 1671 332 1676 ,
406 1586 512 1659 Idem
547 1588 646 1658 libro
683 1594 713 1658 Ι.
750 1588 796 1660 de
828 1590 1002 1664 antidotis
1012 1590 1047 1688 *)
1078 1591 1217 1687 refert,
1268 1596 1502 1670 cinnamomi
1535 1610 1708 1671 truncum
1734 1603 1897 1693 inarca,
1930 1612 2011 1700 lus,

308 1736 449 1807 cubitos
473 1737 597 1832 longa,
624 1737 781 1809 Romam
795 1738 973 1835 perlatam
1000 1764 1079 1813 esse
1104 1766 1125 1813 e
1149 1741 1395 1814 barbarorum
1421 1746 1535 1815 terris
1560 1768 1672 1840 seque
1692 1769 1740 1847 ex
1766 1749 1844 1818 cius
1865 1752 2012 1820 cortice

307 1886 531 1958 Theriacam
555 1888 907 1982 praestantissimam
935 1886 986 1959 M.
1014 1888 1223 1981 Antonino,
1251 1892 1488 1985 imperatori,
1516 1895 1713 1987 paravisse.
1765 1892 1857 1963 Mox
1880 1904 2010 1968 autem

306 2037 429 2108 addit:
454 2038 619 2110 colorem
647 2062 726 2110 csse
743 2039 1000 2126 cinnamomo,
1030 2040 1176 2133 qualem
1200 2042 1232 2110 si
1258 2042 1339 2134 quis
1360 2039 1448 2109 lacti
1462 2043 1608 2133 nigrum
1625 2040 1790 2112 colorem
1805 2041 2010 2114 admisceat

306 2199 416 2281 atque
448 2189 675 2282 aliquantum
692 2269 693 2272 Ἴ
711 2188 896 2280 coerulei3
933 2185 1077 2257 nullum
1112 2209 1227 2276 vero,
1262 2187 1378 2258 veluti
1411 2201 1606 2280 truncum,
1644 2190 1684 2258 in
1718 2212 1841 2260 ramos
1873 2189 2008 2284 plures

262 2328 272 2347 ⁸
306 2338 445 2430 dividi,
483 2341 548 2410 sed
585 2338 782 2436 Veratri
813 2338 1062 2432 utriusque
1094 2335 1302 2431 figuram
1339 2359 1451 2430 prae
1481 2362 1530 2406 se
1565 2337 1718 2430 ferre,
1754 2351 1864 2432 atque
1890 2343 2009 2411 etiam

236 2578 238 2583 .
304 2485 418 2576 magis
458 2482 761 2574 Damasonii,
813 2483 911 2576 quod
959 2506 979 2551 e
1023 2482 1137 2553 Creta
1178 2485 1226 2553 ad
1267 2510 1334 2556 nos
1371 2485 1547 2558 adfertur.
1613 2488 1844 2583 Descriptio,
1888 2515 2007 2586 quam

305 2634 454 2703 exbibet
480 2623 737 2722 Cinnamomi,
764 2633 855 2701 hacc
882 2643 953 2704 est:
991 2634 1194 2724 Quaevis
1219 2648 1376 2710 autem
1410 2639 1701 2711 Cinnamomi
1726 2643 1918 2733 species
1947 2643 2006 2712 ab

304 2784 401 2853 una‘
424 2784 612 2873 radice,
655 2804 737 2850 ceu
772 2778 934 2851 frutex
967 2784 1156 2877 quidam
1187 2809 1381 2878 parvus,
1418 2789 1689 2879 consurgit,
1728 2788 2006 2882 emittitque

303 2931 393 3001 illa
425 2957 530 3028 sex,
572 2935 891 3026 baecseptem
918 2933 1161 3025 virgulta,
1203 2935 1280 3007 val
1317 2936 1481 3030 paullo
1508 2937 1648 3031 plura
1681 2935 2002 3031 pauciorave,
2048 2966 2063 2982 ·

303 3108 391 3155 non
430 3082 618 3178 aequali
652 3094 810 3152 tamen
844 3083 998 3151 omnia
1029 3082 1362 3174 longitudine,
1400 3106 1562 3151 verum
1598 3087 1720 3177 quod
1752 3086 2005 3154 maximum

305 3244 396 3321 est,
432 3235 568 3324 pedis
594 3231 790 3309 Romani
825 3229 1072 3302 dimidium
1098 3250 1191 3298 non
1218 3227 1478 3326 excedit-5
1503 3228 1642 3322 Liquet
1665 3256 1713 3302 ex
1737 3233 1818 3323 his,
1858 3233 2006 3302 sicum

233 3462 236 3469 ¹
305 3379 603 3449 antecedentibus
629 3388 902 3472 comparantur,
925 3389 1012 3448 tunc
1036 3376 1216 3472 temporis
1236 3361 1340 3446 'inter
1366 3400 1426 3447 eas
1451 3376 1685 3448 Cinnamomi
1710 3381 1861 3471 species,
1889 3367 2004 3472 quae,

302 3553 325 3599 a
350 3528 504 3604 diversis
531 3527 819 3622 imperatoribus
844 3552 975 3622 magno
1000 3540 1124 3600 sumtu
1148 3528 1187 3596 in
1213 3548 1299 3594 usus
1324 3525 1485 3594 medicos
1511 3536 1549 3595 et
1573 3524 1619 3594 ad
1643 3538 1827 3617 unguenta
1845 3550 2005 3620 compa-

302 3689 426 3766 ratae,
454 3677 593 3746 Romae
619 3674 921 3768 asservabantur,
956 3676 1110 3770 duplicis
1136 3677 1280 3768 generis
1306 3675 1448 3768 plantas
1480 3672 1610 3744 fuisse:
1644 3673 1846 3745 alterurn
1880 3675 2001 3745 a‘rbo-

301 3847 431 3916 reum,
475 3826 574 3920 quod
607 3827 842 3898 Cinnamomi
878 3827 1021 3898 arboris
1047 3826 1297 3917 arbitramur,
1341 3825 1551 3894 alterum
1582 3846 1675 3897 vero
1706 3823 1932 3894 herbaceum
1960 3835 1999 3894 et

265 4056 269 4063 Ι
300 3976 608 4046 Scitaminearum
637 3976 1013 4065 modocrescentem,
1047 3977 1241 4069 idemque,
1269 3998 1363 4069 quae
1390 3973 1469 4044 aliis
1497 3971 1669 4042 Cassia
1691 3971 1844 4064 proprie
1869 3971 1998 4063 appel-

299 4124 471 4217 labatur,
499 4124 661 4197 Amom
676 4149 698 4192 ο
724 4125 785 4198 vel
812 4126 1076 4193 Curcumae
1101 4124 1268 4210 cuidam,
1298 4122 1360 4194 vel
1386 4121 1573 4214 zingiberi
1596 4121 1743 4215 potius,
1771 4142 1880 4214 quam
1903 4117 1997 4186 Oin-

300 4296 472 4344 namomo
498 4273 833 4368 aequiparandum,
884 4281 926 4341 ut
956 4271 1101 4363 itaque,
1138 4267 1315 4342 Amomi
1357 4281 1394 4339 et
1429 4270 1719 4340 Cardamomi
1753 4279 1794 4339 et
1816 4267 1997 4336 Cinna-

297 4431 440 4497 momi.
457 4429 667 4499 nominibus
693 4421 849 4497 obsoni
875 4420 1152 4492 similitudinem
1177 4420 1277 4489 inter
1301 4441 1340 4490 se
1366 4417 1547 4511 confusis,
1573 4406 1795 4510 scriptorum
1821 4425 1995 4489 veterum

297 4549 442 4648 summa
468 4582 507 4648 in
533 4578 591 4647 his
617 4579 727 4649 rebus
755 4576 980 4664 obscuritas,
1008 4584 1047 4644 et
1067 4559 1271 4647 verborum
1296 4572 1466 4665 proxime
1490 4573 1700 4640 iunctorum
1727 4563 1807 4637 fere
1836 4574 1996 4636 contra-

298 4729 409 4797 dictio
436 4726 521 4796 inde
547 4726 677 4795 oborta
701 4749 780 4796 esse
805 4724 1012 4799 videantur.

299 4962 612 4977 m

294 5195 296 5200 ³
339 5116 364 5196 *)
387 5115 446 5178 Ed.
468 5117 563 5195 ussit.
591 5117 680 5194 1542.
702 5116 777 5193 vol,
800 5116 828 5181 5.
851 5140 884 5203 p.
906 5117 976 5198 587.
