4470 6096
272 309 436 440 rv

273 590 376 684 gines
400 591 629 685 graminosus
653 591 741 661 hinc
772 591 860 663 inde
885 594 1052 695 proprias
1084 595 1237 687 sparsim
1270 597 1437 670 incolunt
1468 601 1629 695 areolas,
1663 604 1777 681 humo
1813 631 1967 680 arenosa

275 768 313 828 et
335 757 491 852 palustri
516 759 683 849 sicciori,
712 781 823 852 quam
848 759 939 830 istae
966 773 1107 850 amant,
1137 762 1183 830 ab
1207 762 1284 833 imo
1310 766 1478 857 repletas.

357 924 489 1018 'Pars‘
504 926 573 994 ista
606 924 726 1016 horti,
771 948 883 1018 quam
914 925 1040 996 herbis
1069 928 1330 1019 perennibus„
1352 938 1427 999 tam
1466 934 1824 1028 monocotyledoneis
1857 964 1966 1033 quam

274 1089 589 1184 dicotyledoneis,
610 1104 612 1108 “
631 1091 865 1164 tribuendam
897 1092 1158 1182 censebamus,
1197 1094 1250 1163 ita
1285 1095 1468 1189 descripta
1499 1108 1576 1189 est,
1618 1107 1660 1170 ut
1692 1106 1792 1187 4000
1826 1107 1966 1197 species

274 1257 468 1328 commode
508 1257 672 1349 recipiat.
733 1257 839 1350 Quae
879 1281 975 1328 nunc
1009 1281 1057 1328 ex
1099 1279 1227 1329 carum
1263 1241 1420 1330 numero
1440 1262 1663 1351 -coluntur,
1691 1285 1800 1336 2100.
1827 1270 1967 1362 species

272 1442 405 1516 parum
432 1422 624 1492 excedunt.
1894 1393 1904 1410 ’

378 1585 488 1658 Haec
515 1561 639 1681 itaque
665 1587 769 1680 regio
794 1598 850 1657 es't
873 1550 1082 1681 plantaturi]
1108 1586 1337 1684 vivariorum
1372 1595 1667 1681 perpetuaeque,
1702 1591 1734 1661 si
1762 1591 1878 1662 hiems
1905 1591 1968 1662 fa-

258 1761 380 1849 ·reat,
428 1750 636 1853 viriditatis.
709 1751 970 1854 Transeamus,
1001 1751 1047 1820 ad
1075 1736 1261 1848 alteram,
1314 1773 1410 1843 quae
1450 1773 1473 1820 a
1503 1752 1666 1826 meridie
1710 1756 1757 1825 ad
1800 1780 1967 1842 occasum

275 1915 436 1983 duorum
470 1916 641 2006 iugerum
680 1915 821 1984 ambitu
852 1917 950 1984 inter
987 1927 1144 2008 utraque
1175 1914 1386 2008 plantarum
1417 1882 1657 1985 hibernacula
1689 1918 1782 2010 sita,
1825 1922 1969 2014 planis-

271 2080 367 2150 sima
392 2088 509 2149 estet
534 2077 615 2149 fers
641 2080 834 2173 quadrata,
861 2091 941 2147 tum
967 2079 1044 2149 sole
1078 2081 1211 2172 gaudet
1235 2091 1382 2151 maturo
1403 2072 1511 2175 atque
1533 2106 1555 2150 a
1577 2083 1693 2154 ventis
1718 2081 1969 2176 frigidioribus

275 2240 505 2315 defenditur.
557 2243 745 2313 Claudunt
778 2264 906 2314 versus
938 2243 1133 2314 meridiem
1173 2242 1349 2336 frutices3
1398 2244 1574 2314 arborum
1608 2245 1859 2340 hippocastani
1898 2273 1971 2321 ve-

271 2406 454 2481 tustarum
468 2407 583 2477 series
602 2429 748 2478 comosa
762 2406 1014 2478 ambulacrum
1034 2387 1294 2479 obumbratum
1309 2410 1417 2502 tegit,
1438 2422 1475 2481 et
1490 2408 1623 2480 fossam
1641 2421 1677 2480 et
1691 2411 1772 2484 viae
1784 2411 1970 2504 publicae,

209 2552 214 2563 ¹
272 2575 321 2644 ud
339 2573 567 2645 occidentem
586 2583 686 2644 trans
704 2596 835 2669 aquam
848 2543 1010 2646 munitae
1017 2553 1040 2666 ,'
1052 2576 1275 2669 adspectum.
1303 2575 1347 2644 In
1363 2586 1520 2669 quatuor
1532 2540 1713 2646 sectiones
1729 2578 1857 2668 divisa,
1872 2600 1972 2648 nunc

274 2738 469 2832 quotannis
493 2737 585 2807 haec
610 2737 711 2807 horti
734 2699 856 2831 portio
886 2760 981 2807 1100
1008 2739 1217 2832 plantarum
1243 2763 1450 2811 annuarum
1475 2740 1663 2836 speciebus
1690 2701 1907 2823 conseritur.

373 2900 613 2976 Graminibus
647 2903 777 2972 annuis
809 2902 960 2995 propria
992 2902 1170 2994 quaedam
1202 2905 1329 2976 areola
1358 2905 1499 2977 tributa
1530 2916 1608 2997 est,
1653 2905 1698 2976 ab
1729 2907 1798 3015 ista
1839 2907 1971 2978 maiori

274 3070 556 3163 vaporariorum
580 3030 689 3137 lineis
716 3042 885 3137 discreta.

248 3215 258 3236 ⁸
373 3231 536 3302 Nomina
559 3231 768 3324 plantarum
781 3206 859 3319 ,iio
883 3227 963 3298 solo
990 3238 1119 3321 aperto
1145 3226 1349 3317 cultarum,
1376 3237 1451 3296 tam
1477 3248 1679 3297 annuarum
1704 3253 1814 3322 quam
1831 3251 1971 3324 peren·
2016 3200 2018 3204 ι

274 3360 462 3487 nantium,
489 3395 624 3465 tabulis
648 3395 797 3485 zinceis,
825 3415 970 3462 cerussa
994 3391 1216 3487 rerniceque
1241 3393 1365 3462 tinctis
1385 3402 1421 3461 et
1442 3414 1511 3485 ope
1527 3357 1743 3462 bacillorum
1758 3392 1970 3463 ferreorum

254 3513 322 3634 ⁸ad
359 3540 520 3656 singulas
551 3526 693 3655 plantas
718 3561 756 3630 in
781 3571 884 3629 terra
910 3558 1127 3653 deligendis,
1155 3536 1308 3649 fuligine
1334 3557 1520 3629 vernicata
1543 3555 1805 3627 inscribuntur.
1857 3555 1971 3626 Ducit

273 3749 411 3798 nomen
442 3727 621 3815 Generis,
664 3725 789 3796 tabula
826 3725 1034 3820 litterisque
1073 3709 1275 3794 maioribus
1301 3714 1333 3788 'c
1369 3719 1570 3814 longinquo
1603 3720 1864 3814 conspicuum,
1905 3744 1970 3790 se-

274 3864 439 3987 quuntur
474 3893 570 3962 iusto
594 3916 661 3963 suo
693 3891 823 3962 ordine
848 3891 997 3961 nomina
1021 3891 1228 3985 specierum
1253 3886 1488 3962 trivialia.

331 4106 338 4119 .
371 4053 436 4128 Va
443 4055 642 4150 pararis
665 4013 873 4149 plantarum
898 4076 1101 4148 annuarum
1125 4075 1229 4125 areas
1253 4056 1339 4125 istas
1357 4054 1403 4124 ad
1423 4074 1591 4126 ocenum
1611 4051 1794 4146 attingunt
1812 4064 1971 4147 quatuor

275 4244 452 4316 numero,
488 4166 717 4295 tricenorim
742 4233 780 4292 et
804 4222 977 4292 binorum
1001 4221 1147 4314 pedum'
1161 4217 1410 4313 longitudine,
1448 4240 1594 4314 unaque
1619 4219 1716 4291 serie
1747 4220 1832 4289 satis
1861 4218 1970 4310 longa

274 4362 552 4484 procurrentia,
590 4388 716 4476 fronte
745 4387 872 4459 soleme
894 4383 1073 4459 clientem
1109 4397 1148 4461 et
1185 4387 1502 4460 submeridianom
1536 4377 1740 4482 aspiciunt,
1783 4398 1970 4455 exstructa

275 4519 362 4627 suut
386 4552 510 4647 lapide
534 4554 743 4650 tabulisque
769 4552 952 4649 quercinis
979 4552 1219 4625 crassioribus
1244 4553 1342 4625 intus
1368 4555 1654 4648 circumquaque
1677 4563 1851 4623 coassata.

375 4719 522 4812 Restat,
550 4731 592 4790 ut
617 4722 663 4791 de
689 4720 874 4813 aediliciis,
901 4721 949 4790 ad
973 4721 1170 4794 servandas
1189 4720 1313 4791 hieme
1337 4719 1478 4813 plantus
1504 4719 1678 4808 conditis,
1704 4716 1828 4812 paucis
1844 4707 1990 4785 absol?

277 4908 428 4989 rumas,
455 4909 614 4983 quorum
628 4885 798 4979 alterum,
824 4886 936 4982 idque
961 4886 1080 4957 maius
1104 4898 1214 4982 atque
1238 4887 1493 4980 praecipuum,
1520 4853 1567 4959 ab
1593 4882 1736 4953 oriente
1763 4892 1801 4952 et
1824 4891 1970 4975 septen·

271 5057 400 5130 trione
431 5055 479 5145 sd
509 5057 702 5131 meridiem
733 5065 772 5127 et
790 5053 1033 5141 ,occidentem
1059 5051 1298 5149 saepedum
1323 5048 1551 5146 longitudine
1575 5069 1651 5119 uno
1676 5045 1825 5142 quidem
1849 5055 1970 5114 tractu
