4470 6096
430 479 479 553 st

429 705 741 798 praetereundum
767 728 842 775 non
867 717 948 797 est,
975 707 1016 776 iu
1038 705 1145 777 icone
1171 687 1279 815 citata
1303 708 1415 782 flores
1439 732 1597 803 parvos,
1625 733 1693 804 per
1717 711 1904 805 paniculas
1927 702 2120 788 densiores

431 854 470 921 iu
497 872 682 921 ramorum
708 852 870 944 apicibus
895 851 1086 944 dispositos
1102 853 1241 943 adesse,
1268 856 1413 924 tametsi
1437 868 1565 927 auctor
1583 856 1622 927 in
1639 859 1882 952 descriptione
1904 866 1969 931 dua
1985 868 2120 934 eorum

431 998 577 1069 disertis
609 999 732 1071 verbis
763 1023 837 1070 non
869 1000 1090 1069 meminerit.
1142 999 1299 1071 Fructus
1326 1003 1452 1072 baccas
1478 1000 1645 1074 referunt
1671 1005 1867 1099 oblongas,
1900 1010 2020 1101 glauci
2045 1037 2118 1083 co·

432 1143 886 1244 loris‚1tuouospermas·;
936 1155 1121 1215 caeterum
1157 1144 1338 1217 fructibus
1370 1145 1580 1221 Lautorum
1613 1153 1789 1224 simillimi
1829 1156 2022 1249 dicuntur,
2051 1163 2116 1254 qui

429 1266 595 1408 tempore
629 1291 850 1361 maturitatis
885 1282 959 1361 uno
984 1289 1099 1360 latere
1124 1291 1364 1385 dehiscentes,
1391 1319 1545 1399 massam
1570 1295 1760 1391 fungosam
1783 1302 1947 1394 mollem,
1975 1295 2113 1378 coloris

428 1439 541 1530 flavi,
573 1462 679 1533 saepe
705 1440 752 1509 ad
777 1438 1060 1529 magnitudinem
1086 1439 1186 1508 nucis
1213 1439 1391 1540 iuglandis
1418 1442 1588 1571 emittunt
1606 1456 1643 1513 et
1662 1456 1905 1516 monstrosam
1927 1451 2110 1559 quandam

427 1585 560 1658 faciem
586 1586 751 1658 induunt.
803 1587 936 1658 Samen
961 1596 1145 1657 maturum
1171 1578 1388 1679 purpureo·
1366 1586 1544 1658 -rubeus

528 1731 637 1805 Adn.
664 1733 694 1802 1.
745 1732 803 1804 Ab
828 1732 897 1803 hac
921 1732 1040 1823 specie
1066 1729 1216 1801 differre
1253 1733 1408 1805 videtur

628 1880 672 1950 L.
698 1877 988 1969 Culilawang
1012 1877 1154 1948 Reiuw.
1180 1879 1232 1946 ine
1243 1877 1312 1946 litt.

526 2026 571 2096 L.
598 2022 698 2097 foliis
735 2019 1026 2118 (suboppositis)
1063 2001 1392 2095 lato-lanceolatis
1436 2026 1645 2125 trinerviis,
1687 2029 1811 2102 nervis
1855 2050 1965 2124 supra
2003 2029 2110 2103 basin

427 2170 657 2260 subcoalitis,
701 2170 846 2263 petiolis
872 2170 1096 2262 tumulisque
1121 2136 1328 2243 iunioribus
1354 2172 1499 2265 glabris.
1610 2254 1618 2269 ,

510 2336 610 2424 Syn.
632 2333 923 2418 Syndoc..Valent.
950 2338 1058 2402 deser.
1086 2337 1185 2401 Amb.
1212 2360 1245 2422 p.
1270 2337 1342 2404 217.
1374 2337 1524 2424 Rumph.
1547 2330 1646 2403 Amb'.
1670 2337 1782 2424 p.69?
1799 2296 1908 2408 'Confi
1933 2341 2113 2432 Crorufisrd

594 2468 685 2530 Hisc.
701 2461 807 2550 oftlm
820 2465 893 2527 Iud.
907 2464 1040 2548 Archip.
1063 2463 1141 2533 Vol.
1163 2467 1191 2556 Ι.
1211 2490 1244 2551 p.
1264 2466 1342 2536 512:
1368 2470 1493 2535 Serdoi
1506 2472 1527 2533 i.
1545 2491 1574 2537 e.
1596 2453 1809 2539 (Julitlawsu
1820 2464 2096 2542 lamoensium·

525 2600 694 2708 Remuli,
728 2623 818 2693 quos
843 2600 881 2672 in
905 2601 1093 2694 provincia
1119 2601 1273 2695 Bantam
1300 2604 1406 2676 Ionae
1432 2607 1572 2678 insulae
1597 2605 1745 2700 collegit
1769 2618 1806 2680 et
1830 2609 2018 2705 nobiscum
2042 2576 2109 2680 be-

427 2753 535 2844 nigue
550 2747 830 2823 communicavit
852 2723 1061 2818 Blumius
1085 2758 1223 2839 noster,
1245 2752 1382 2820 cortice
1401 2749 1517 2859 fusco,
1540 2752 1655 2824 odore
1672 2765 1711 2824 ct
1729 2776 1861 2848 sapora
1883 2750 2110 2849 caryopbyl-

366 2911 368 2917 '
426 2899 564 2971 laceo
553 2897 685 2992 ansigui
709 2897 879 2991 gaudent.
911 2897 1046 2968 Petioli
1063 2898 1169 2989 tusci,
1196 2899 1328 2992 glabri,
1346 2901 1523 3011 oppositi;
1551 2899 1744 2972 inferiores
1760 2901 1944 2973 interdum
1964 2902 2108 2972 alterni.

425 3044 533 3115 Folia
550 3043 731 3138 oblongo-
733 3040 949 3134 lanceolata,
976 3041 1081 3113 iisL.
1103 3020 1248 3112 Cassiae
1268 3020 1415 3136 similia,
1434 3047 1499 3116 sed
1517 3048 1728 3139 angustiora
1745 3061 1782 3118 et
1796 3047 1974 3145 longiora,
1997 3072 2111 3142 supra

428 3190 561 3265 viridia
593 3190 719 3262 subtus
744 3190 1031 3283 glauccscentia,
1064 3188 1265 3274 trinervia,
1303 3188 1426 3258 nervis
1461 3181 1503 3259 ut
1536 3191 1574 3260 in
1609 3191 1653 3261 L.
1679 3191 1804 3261 Cassia
1828 3193 2110 3266 excurrentibus

326 3339 329 3344 ’
429 3351 466 3410 et
497 3339 578 3410 basi
608 3349 650 3409 ut
689 3341 728 3407 in
762 3337 807 3408 L.
834 3337 1036 3408 Burmanni
1069 3346 1195 3404 nostra
1218 3323 1481 3428 approximatis
1513 3345 1551 3406 et
1574 3335 1922 3408 subconssueutibus.
1974 3340 2111 3429 Quoad

427 3485 726 3611 magnitudinem
745 3483 835 3554 folia
867 3484 973 3555 valde
1006 3482 1168 3570 variant,
1208 3480 1282 3601 alia
1312 3480 1506 3577 maxima,
1528 3482 1654 3553 decem
1678 3481 1802 3555 uncias
1822 3483 1948 3581 longa,
1975 3483 2109 3557 latitu-

428 3635 512 3705 dine
548 3631 672 3703 uncias
710 3631 799 3701 duas
830 3642 867 3700 et
891 3630 1078 3699 dimidiam
1107 3650 1235 3720 parum
1267 3637 1459 3720 superant,
1502 3600 1628 3697 alia
1605 3653 1669 3699 o·
1645 3631 1712 3700 -6
1744 3630 1867 3701 uncias
1891 3640 1975 3702 sunt
1997 3630 2110 3726 longa

427 3758 692 3874 sesquiunciam
717 3779 781 3853 vix
806 3778 888 3847 lata.
918 3815 963 3828 -
990 3777 1118 3848 Floras
1143 3772 1408 3844 desiderantur.

525 3927 619 3999 adn.
646 3926 848 4014 ll.,Cortcx
867 3924 1057 4017 utriusque
1070 3900 1211 3992 arboris
1227 3934 1282 3992 est
1302 3922 1478 3994 Cortex
1498 3923 1753 3996 Culilabun
1775 3925 2016 4018 officinarum,
2043 3953 2110 3999 sa·

338 4094 341 4097 ·
427 4093 518 4170 pore
543 4075 638 4164 acri,
660 4073 901 4168 caryop‘hyllis
920 4075 1124 4143 aromaticis
1144 4071 1266 4156 simili,
1291 4070 1451 4161 insignis.
1476 4069 1584 4142 Nunc
1597 4072 1694 4144 inter
1707 4075 1970 4147 medicamenta
1993 4079 2120 4147 obeo-

314 4319 318 4326 ⁵
427 4223 500 4292 leta
512 4233 550 4290 et
562 4221 609 4290 ad
628 4221 821 4288 cosmetica
833 4218 1008 4286 ludorum
1022 4218 1194 4303 reiectus,
1209 4215 1331 4282 rarior
1347 4215 1445 4285 inter
1461 4237 1601 4289 merces
1620 4223 1791 4292 occurrit.
1819 4222 1958 4293 Cortex
1973 4222 2110 4293 radicis

427 4390 557 4460 sapore
589 4367 773 4479 erodere
799 4366 845 4436 ab
871 4387 916 4434 eo
941 4365 1061 4454 trunci
1087 4361 1193 4433 valde
1221 4361 1381 4454 recedit,
1417 4364 1516 4458 quod
1542 4375 1580 4435 et
1594 4366 1641 4435 in
1665 4366 1744 4435 aliis
1772 4364 1888 4437 Lauri
1917 4369 2109 4459 speciebus

429 4515 668 4603 observatur,
702 4514 875 4584 convenit
907 4512 1005 4580 enim
1036 4531 1166 4604 sapore
1198 4535 1281 4579 cum
1315 4511 1451 4582 cortice
1482 4512 1597 4582 Lauri
1629 4512 1831 4603 Sassalras',
1875 4517 1927 4584 ita
1950 4526 1990 4585 ut
2016 4515 2109 4587 olim

371 4742 374 4749 ,
429 4663 601 4735 Bataviae
625 4685 648 4732 a
681 4664 830 4732 medicis
854 4684 923 4755 pro
948 4683 1038 4733 uero
1063 4659 1161 4750 ligno
1185 4657 1367 4728 Sassasras
1393 4659 1700 4752 suppeditaretur.

526 4797 634 4878 adn.
660 4806 728 4878 111.
764 4806 896 4876 Plures
919 4817 1005 4874 sunt
1030 4803 1147 4927 Lauri
1169 4807 1315 4895 generis
1339 4803 1490 4905 species,
1517 4800 1616 4873 foliis
1640 4772 1806 4878 nervosis
1829 4803 2030 4902 habituque
2058 4808 2108 4877 ad
2207 4813 2211 4819 ’

430 4979 513 5041 eas,
549 4979 637 5048 quas
662 4955 702 5023 in
727 4950 1022 5021 antecedentibus
1045 4952 1353 5040 enumeravimus,
1380 4951 1605 5023 accedentes.
1636 4950 1783 5023 Harum
1804 4964 1926 5029 autem
1947 4953 2103 5045 multae,

428 5102 575 5172 anullo
602 5112 791 5170 auctorum
816 5099 1032 5192 descriptae,
1060 5121 1127 5167 nos
1152 5097 1277 5168 latent.
1312 5096 1494 5191 Exemplo
1517 5099 1565 5171 sit
1588 5097 1677 5174 lara
1692 5100 1822 5191 insula,
1843 5124 1935 5195 quae
1951 5111 2107 5195 praeter
2127 5162 2156 5219 4
