4470 6096
536 1102 874 1231 CINNAMOMI
907 1101 1065 1196 APUD
1094 1099 1363 1197 VETERES
1395 1101 1684 1191 HISTORIA.
1797 1196 1801 1203 ,

952 1340 1240 1365 ...........-.
1682 1326 1715 1423 ἓ

944 1682 946 1686 Ι
1056 1563 1082 1659 l·
1135 1572 1168 1644 1.

1013 1734 1200 1796 Nomen

264 1855 432 1992 Nomen
453 1919 688 1991 cinnamomi
711 1918 881 2008 eterris,
918 1940 1012 2013 quaa
1036 1919 1190 2012 gignunt
1214 1922 1496 2014 cinnamomum,
1519 1919 1543 1989 i.
1560 1941 1591 1989 e.
1615 1940 1637 1986 a
1660 1915 1806 2010 populis
1827 1915 1956 1986 orien-

192 2070 196 2077 ’
264 2074 420 2161 lalibus,
447 2072 486 2140 in
513 2069 739 2140 occidentem
765 2092 844 2140 esse
869 2067 1031 2159 illatum,
1060 2068 1168 2138 docet
1191 2065 1487 2156 Herodotus,
1525 2083 1655 2139 rocem
1679 2059 1908 2154 κιννάμωμον
1936 2084 1957 2130 ο

265 2220 465 2291 Phoenicia
489 2218 612 2311 lingua
638 2218 782 2289 disertis
808 2218 931 2291 verbis
956 2219 1151 2289 deducens.

366 2367 569 2437 Phoenices
593 2377 717 2437 autem
744 2367 839 2437 hanc
861 2387 1024 2438 meroem
1049 2365 1177 2436 Indico
1215 2361 1451 2461 (Sanacritol
1484 2360 1623 2452 verbo,
1658 2361 1703 2432 ab
1729 2358 1858 2431 incolis
1888 2359 1959 2430 sibi
2044 2455 2048 2462 Ι

263 2516 415 2604 tradito,
442 2511 694 2606 appellavisse,
722 2513 958 2587 verosimile
984 2524 1049 2585 eat.

362 2662 565 2732 Praetereo
598 2661 671 2731 hoc
704 2662 814 2733 etiam
851 2661 1064 2749 tenendum,
1105 2659 1204 2754 quod
1230 2657 1535 2730 Marshalliua
1568 2653 1687 2727 refert
1705 2655 1766 2747 ⁴¹),
1817 2655 1959 2748 Koga-

263 2807 387 2878 mania
412 2800 505 2900 (seu
530 2805 872 2893 Komba-mania)
898 2809 937 2878 in
962 2806 1144 2879 hodierna
1180 2807 1358 2879 Moluium
1384 2807 1508 2898 lingua
1533 2804 1669 2874 dulce
1704 2802 1884 2897 lignum
1915 2809 1961 2885 (a

268 2953 362 3038 Gau,
389 2949 509 3040 Coyu,
542 2948 704 3037 Coacon,
731 2951 928 3043 lignum,
957 2964 995 3023 et
1019 2975 1150 3037 nomo,
1178 2973 1246 3041 per
1270 2951 1594 3042 transpositionem
1621 2975 1757 3043 mona,
1775 2948 1960 3045 dulcis)

263 3096 483 3188 significare,
511 3110 582 3188 qua
606 3097 749 3162 ratione
774 3118 797 3159 a
822 3098 942 3184 prima
968 3118 1058 3164 roca
1086 3116 1224 3164 nomen
1249 3096 1466 3187 Cassiae,
1495 3119 1542 3167 ex
1568 3107 1724 3192 utraque
1748 3106 1839 3172 vero
1865 3118 1961 3169 con·

263 3246 416 3337 iunctis,
443 3244 542 3339 quod
564 3267 638 3315 uno
665 3242 911 3335 continuoque
935 3263 1029 3312 sono
1054 3243 1311 3315 Koinomonio
1336 3243 1396 3318 vel
1421 3244 1682 3317 Koinamania
1706 3245 1958 3340 pronunciari,

264 3395 312 3466 ab
337 3394 470 3465 eodem
494 3389 731 3461 Morschallio
757 3388 949 3484 discimus,
978 3390 1277 3462 Cinnamomi
1301 3391 1448 3462 solitam
1473 3391 1758 3486 appellationem
1787 3393 1961 3464 derivan-

265 3541 348 3610 dam
374 3560 473 3627 esso,
507 3534 614 3606 facile
640 3534 915 3629 persuademur.
966 3535 1118 3609 Accedit
1143 3540 1254 3609 etiam
1279 3537 1416 3632 aliquid
1449 3540 1623 3635 ponderis
1659 3542 1722 3613 isti
1759 3544 1961 3614 sententiae

265 3709 286 3756 e
312 3684 531 3778 comparatis
556 3676 785 3754 diversarum
810 3680 989 3754 arborum
1014 3684 1075 3759 vel
1101 3680 1508 3776 cinnamomiieraru'm,
1542 3687 1603 3763 rel
1635 3688 1713 3758 istis
1740 3686 1871 3759 saltem
1904 3688 1960 3758 si·
2047 3742 2057 3757 ,

265 3834 427 3922 milium,
466 3834 676 3905 nominibus
701 3832 859 3923 Indicis,
895 3829 1254 3925 aRoxburghio
1289 3844 1326 3903 et
1359 3835 1558 3927 Careyo,
1594 3835 1684 3907 viris
1726 3836 1962 3928 praestantia·

266 3979 382 4068 simis,
409 3978 448 4048 in
475 3977 622 4050 »Horto
647 3978 900 4081 bengalensi,«
930 3978 1155 4074 Sorampore
1184 3980 1281 4066 1814
1303 3981 1419 4070 edito,
1454 4006 1491 4073 p.
1521 3982 1569 4050 50
1605 3981 1797 4077 exscriptis
1807 4034 1819 4072 ,
1857 4006 1961 4078 prae·

266 4125 395 4215 sertim
421 4126 452 4194 si
475 4126 655 4198 rationem
679 4125 814 4199 habeas
841 4127 993 4222 originis
1009 4126 1225 4200 Sansoritae'
1240 4139 1278 4201 et
1296 4129 1659 4225 interpretationis,a
1681 4133 1958 4227 Schlegelio,

266 4273 405 4367 collega
417 4283 454 4344 et
470 4271 618 4345 fautore
631 4275 783 4370 optimo,
794 4277 900 4350 nobis
910 4278 1078 4355 traditaea
1106 4277 1365 4370 cinnamomo,
1378 4278 1523 4373 quaein
1533 4279 1699 4375 Ceylona
1712 4280 1836 4352 Insula
1847 4281 1960 4353 arbor

267 4433 448 4518 nascitur,
474 4432 510 4502 in
526 4429 650 4523 lingua
675 4456 777 4505 sacra
803 4402 1075 4504 Brachmanum
1100 4457 1235 4508 nomen
1256 4459 1335 4508 esse
1360 4412 1557 4570 W
1580 4438 1810 4511 Dalm-sini
1840 4435 1960 4536 (quod

267 4582 541 4655 Domo-sini
557 4570 625 4675 et,
656 4610 789 4659 errore
816 4585 913 4659 forte
937 4591 1215 4687 typographico,
1242 4592 1500 4665 Daroo-aiti
1514 4593 1727 4690 aCareyo
1752 4595 1957 4692 scribitur),

267 4730 437 4822 idemque
464 4731 504 4800 in
538 4730 664 4826 lingua
697 4722 844 4828 iulgata
866 4736 1149 4832 Bengalensium
1184 4738 1294 4812 hodie
1327 4739 1587 4815 Dar-columi
1623 4740 1951 4825 (Dar-cheeni

310 5079 480 5161 ⁸)Annols
507 5082 551 5166 os
573 5084 780 5171 Philosophy.
812 5085 956 5151 October
985 5088 1073 5173 1817.
1096 5112 1129 5154 a.
1154 5089 1269 5156 LVIII.
1290 5115 1323 5178 p.
1342 5092 1414 5159 255.

1535 5215 1555 5289 1
1604 5258 1610 5267 .
