4470 6096
527 1813 649 1928 gulos
689 1844 824 1899 annos
865 1815 998 1928 edere
1035 1800 1288 1917 statuimus,
1328 1848 1377 1904 ea
1414 1820 1597 1938 quidem
1638 1825 1875 1927 sententia,
1922 1847 1971 1910 ut
2007 1825 2217 1910 amoenis-

519 1959 675 2042 simam
718 1981 861 2044 terrae
889 1961 1159 2074 ‘progeniem
1192 1984 1379 2048 tractans
1411 1964 1610 2070 animus,
1661 1965 1870 2079 in⁶'0pere
1900 1996 1980 2050 suo
2011 1964 2215 2052 faciendo

519 2100 675 2216 plenus
718 2129 890 2215 semper
930 2102 1104 2201 futurus
1137 2107 1194 2188 sit
1226 2104 1492 2216 voluptatis,
1539 2090 1678 2224 'quam
1713 2105 2010 2190 suavissimam
2058 2112 2218 2190 excitat

522 2242 785 2327 meritorum
815 2245 863 2328 in
893 2266 1066 2356 gentem
1096 2242 1333 2330 humanam
1358 2248 1431 2360 pia
1456 2248 1684 2340 memoria.
1711 2335 1713 2339 ,
1745 2245 2013 2354 Enimvero,
2047 2251 2125 2366 qui
2143 2250 2218 2353 be-

428 2374 456 2458 ᾎ
526 2381 685 2471 neficia
714 2417 791 2494 sua
823 2387 996 2472 confert
1024 2387 1072 2470 in
1107 2388 1354 2474 litterarum
1388 2413 1433 2476 et
1464 2393 1625 2480 artium
1663 2390 1958 2496 incrementa,
2012 2393 2212 2509 quisquis

520 2526 597 2610 ille
623 2527 703 2623 sit,
734 2527 781 2609 in
813 2526 1198 2643 generishumaui
1222 2528 1406 2614 salutem
1432 2533 1620 2619 effundit
1645 2561 1767 2648 opes,
1799 2534 2026 2647 nunquam
2054 2527 2212 2615 eodem

519 2662 720 2776 pondere
750 2664 821 2751 vel
853 2664 1006 2792 addito
1044 2668 1178 2753 etiam
1213 2667 1394 2754 foenore
1438 2672 1674 2789 adipsum
1714 2669 1943 2758 redituras.
2017 2669 2211 2771 Dixeris,

520 2805 773 2916 ingenium,
820 2804 1288 2894 ce'u‘artlentissimam
1322 2807 1572 2926 flammam,
1600 2809 1856 2924 =corrodere
1889 2836 2045 2893 aarum
2076 2831 2120 2892 et
2150 2838 2216 2891 ar-

524 2930 726 3057 grimum,
774 2945 1042 3062 incensoque
1091 2976 1193 3028 mox
1225 2954 1272 3031 in
1309 2950 1428 3056 istis,
1479 2984 1593 3071 quae
1631 2953 1830 3070 pondera
1868 2951 2025 3034 inertia
2069 2949 2213 3033 existi·

521 3089 633 3172 mari
663 3088 832 3196 solent,
871 3116 987 3172 novo
1018 3115 1118 3169 cum
1149 3114 1278 3170 sensu
1302 3115 1433 3170 aurae
1465 3095 1670 3199 coelique
1704 3087 2071 3189 deiderio,tta1'n
2107 3085 2213 3167 sub-

519 3225 642 3309 limia
679 3254 732 3308 ea
778 3223 973 3343 auferri,
1015 3247 1066 3308 ut
1106 3251 1321 3338 quaerere
1360 3244 1511 3309 rursus
1552 3110 1802 3309 videantrl
1829 3223 2003 3309 aethera
2033 3247 2078 3310 et
2114 3247 2211 3309 ante

521 3365 671 3450 oculos
698 3394 851 3450 coecos
879 3342 1205 3460 evanescentia,
1234 3364 1534 3484 gravissimam
1560 3366 2081 3480 saepe-vituperationem
2113 3397 2214 3451 con-

447 3574 450 3579 .
519 3507 694 3595 trahant
742 3511 821 3613 iis,
871 3509 951 3624 qui
991 3527 1108 3599 tanta
1148 3526 1192 3588 et
1233 3526 1321 3588 tam
1359 3508 1552 3618 pretiosa
1596 3502 1717 3616 vulgi
1753 3503 1869 3589 bona
1906 3504 2117 3618 prodige,
2165 3532 2214 3631 ut

518 3650 649 3735 multi
684 3651 947 3762 opinantur,
992 3643 1367 3760 disperdiderint,
1414 3645 1548 3762 quin,
1590 3644 1684 3731 fere
1719 3644 1775 3730 ad
1809 3644 1999 3731 nihilum
2031 3625 2212 3761 redege-

519 3793 622 3876 rint.
692 3792 811 3877 Dum
852 3820 957 3877 vero
997 3787 1064 3874 illi
1110 3809 1356 3906 queruntur
1388 3806 1433 3872 et
1470 3783 1693 3903 bonorum
1734 3782 2066 3901 reprehendunt
2104 3788 2211 3873 effu-

514 3936 710 4039 sionem,
750 3932 889 4045 fulget
925 3932 1013 4016 iam
1051 3931 1166 4015 inter
1206 3927 1352 4014 sidera
1380 3928 1556 4043 puriori
1585 3925 1823 4042 splendore
1855 3954 2037 4027 aurum,
2088 3928 2211 4046 quod

516 4078 636 4190 larga
679 4077 722 4159 in
765 4073 930 4177 litteras
962 4101 1114 4157 manus
1145 4069 1450 4185 impenderat,
1492 4069 1680 4155 affluunt
1720 4098 1904 4169 usurae,
1943 4101 2208 4187 quocunque

518 4218 695 4335 mortali
730 4217 873 4333 pretio
909 4216 1129 4351 potiores,
1174 4240 1343 4327 perque
1385 4208 1507 4298 dives
1543 4211 1627 4299 Ille
1666 4212 2208 4326 sempiternacelebratur

437 4365 444 4378 '
512 4360 646 4481 ,fama
706 4361 785 4477 Est
815 4342 1416 4489 enim³cuncentussquidam
1447 4355 1645 4440 o'mnium
1678 4357 1967 4462 litterarum,
1993 4354 2048 4439 ad
2075 4384 2208 4471 quem

519 4503 767 4618 augendum
796 4526 840 4588 et
870 4484 1173 4587 roborandum
1203 4528 1287 4583 vox
1313 4525 1526 4614 quaeque
1547 4497 1800 4611 tenuissima
1826 4496 2031 4581 inservit.-

486 4733 490 4743 ,
631 4643 691 4728 Et
728 4665 921 4730 nostram
952 4636 1135 4757 quidem
1167 4667 1300 4753 qnam
1331 4638 1519 4722 maxime
1569 4637 1729 4753 exilem
1772 4656 1926 4725 vnee'm
1961 4664 2081 4740 esse,
2129 4635 2209 4720 Tu

513 4814 601 4868 nou
635 4783 829 4894 ignoras,
864 4756 1118 4899 nequelnos
1149 4774 1360 4882 dedecet,
1397 4776 1444 4862 id
1474 4777 1619 4891 palam
1646 4774 1878 4923 profire*
1912 4775 2082 4873 scilicet
2107 4805 2209 4860 cum

305 5027 311 5040 ι
429 4997 435 5007 .
512 4923 652 5008 nihilo
685 4922 830 5008 minus
866 4949 917 5004 ea
949 4942 1094 5005 tamen
1124 4926 1361 5032 'permagna
1388 4918 1486 5034 pars
1512 4919 1569 5003 sit
1594 4917 1755 5022 erbis,
1784 4916 1916 5035 quam
1948 4898 2208 5002 nostra⁸dis-

513 5065 678 5181 ciplina
710 5064 1017 5176 amplectitur,
1061 5089 1141 5145 nec
1175 5089 1285 5146 vanu
1312 5060 1386 5153 ille
1413 5062 1552 5172 gloria
1578 5091 1622 5148 se
1649 5084 1807 5181 ww
1834 5090 1929 5149 suas
1965 5060 2232 5145 insolenter
