4470 6096
246 358 443 501 '38⁴

357 646 468 717 Prsr.
494 643 704 714 German
730 642 961 715 subaratum.
1011 644 1170 738 Stylua
1202 645 1382 742 simplex,
1415 647 1598 742 aequalis,
1625 648 1852 744 longitudine
1876 655 2006 723 stami-

459 816 559 863 num.
607 791 746 884 Stigma
774 791 964 883 obtusum,
992 792 1195 886 obliquum.

358 941 458 1011 Pas.
496 939 653 1034 Drupa
679 938 815 1032 omlis,
843 940 1069 1030 acuminata,
1097 937 1360 1029 unilocularis‚
1387 938 1529 1013 corolla
1554 942 1827 1035 comprehensa.

365 1089 463 1157 Sars.
501 1085 606 1157 Nux·
629 1097 738 1182 orato
754 1126 777 1141 -
792 1088 996 1159 acuminata
1028 1085 1233 1187 Nucleus
1259 1087 1423 1163 eiusdem
1447 1087 1600 1160 formae.

412 1232 520 1304 Obs.
545 1230 711 1311 Maxima
744 1233 954 1327 specierum
990 1257 1076 1329 pars
1108 1257 1181 1305 una
1217 1256 1302 1305 cum
1336 1235 1646 1306 cinnamomo
1671 1248 1710 1308 ct
1736 1236 2007 1348 Oamphora

316 1342 621 1475 hermaphrodita
645 1392 723 1473 est,
751 1381 791 1452 in
816 1383 1003 1454 nonnullis
1036 1393 1163 1453 tamen
1195 1406 1316 1454 mares
1341 1383 1496 1456 seorsim
1515 1357 1558 1454 in
1584 1382 1779 1457 Dioacia
1802 1388 2005 1480 prodeunt,

316 1538 357 1600 ut
380 1528 419 1603 in
445 1528 616 1601 Lauro
643 1527 849 1619 Tournes.‚
876 1530 942 1601 ubi
968 1530 1078 1601 etiam
1102 1532 1245 1625 saepius
1270 1532 1425 1603 stamina
1438 1542 1555 1604 octo«

394 1674 482 1749 lsti
507 1678 632 1771 itaque
656 1679 784 1769 generi
808 1676 1014 1751 subiectum
1030 1672 1231 1770 'descripsit
1255 1679 1293 1749 in
1329 1675 1454 1750 Horto
1478 1666 1725 1753 'Cliffortiano
1763 1677 1911 1779 (1737)
1940 1704 2012 1753 ar,-
2088 1742 2092 1747 .

312 1825 446 1899 -borem
471 1825 571 1899 illam
599 1826 864 1916 canelliferam,
893 1849 966 1919 quo
992 1826 1073 1898 solo
1097 1826 1247 1899 nomine
1270 1848 1396 1901 omnes
1421 1826 1758 1922 complectebantur
1772 1827 2011 1899 Cinnamomi

194 2066 200 2077 ἱ
316 1986 356 2046 et
382 1975 529 2071 Cassiae
555 1976 811 2049 recentiorum
829 1974 992 2068 species:

368 2121 596 2213 »Laurum
622 2122 723 2194 foliis
748 2121 1067 2217 oblongo-oratis
1091 2119 1281 2196 trinerviis
1305 2119 1429 2195 nitidis
1454 2120 1571 2215 planis
1595 2121 1620 2191 l.
1646 2144 1680 2193 c.
1706 2147 1742 2217 p.
1774 2123 1852 2208 154.
1878 2144 1917 2196 n.
1944 2123 2008 2193 6.«

463 2271 674 2365 synonyma
698 2267 947 2341 adducuntur:

521 2419 670 2489 »Cassia
695 2417 960 2489 Cinnamomea
986 2413 1118 2487 Herm.
1144 2415 1286 2508 Lugdb.
1318 2438 1398 2512 129.
1423 2427 1449 2487 t.
1476 2418 1560 2487 655.

516 2564 798 2639 cinnamomum
832 2561 930 2635 foliis
957 2563 1040 2636 latis
1065 2563 1182 2639 oratis
1207 2560 1428 2657 frugiferum
1455 2564 1582 2637 Burm.
1616 2562 1728 2635 Thes.
1756 2564 1857 2657 Zeyl
1881 2589 1919 2660 p.
1947 2566 2011 2640 62.

561 2712 639 2783 tab.
666 2732 725 2800 27.

515 2859 558 2931 G.
586 2857 702 2939 Bauh.
727 2856 810 2931 Pia,
836 2879 871 2948 p.
897 2857 984 2940 408.

517 3007 640 3078 Carau
664 3000 761 3098 (lege
787 2999 927 3098 Carus)
952 3001 1094 3083 Rhoeds
1121 3000 1259 3083 Malab.
1285 3001 1315 3071 1.
1344 3026 1380 3094 p.
1412 3022 1492 3093 107.
1518 3013 1545 3074 t.
1573 3004 1632 3095 57.

452 3153 486 3251 β.
515 3154 799 3229 cinnamomum
836 3162 1015 3246 perpetuo
1053 3130 1213 3237 florens,
1251 3146 1345 3215 folio
1380 3150 1545 3216 tenuiori
1581 3159 1699 3229 acuto.
1737 3149 1854 3223 Burm
1893 3151 2013 3223 Thes.

450 3354 453 3358 ,
566 3300 728 3394 noya-p.
753 3299 814 3371 aa.
840 3308 866 3373 s
895 3299 975 3406 aa„
1241 3265 1249 3282 '

415 3447 566 3536 Verba,
583 3468 685 3540 ‚quae
707 3431 767 3515 bis
792 3442 934 3518 addidit
958 3442 1019 3516 rir
1041 3438 1281 3530 immortalis,
1308 3449 1517 3517 memoratu
1542 3438 1753 3533 dignissima
1776 3456 1883 3513 suntt-
1919 3452 1926 3461 '
2015 3480 2017 3485 .

337 3661 340 3665 ,
420 3567 653 3669 »cresonia
681 3591 845 3686 Zeylona
866 3588 1178 3683 praestantissima
1202 3586 1324 3658 arbor.
1354 3583 1504 3659 ·Arbor
1528 3586 1621 3673 haec
1646 3590 1758 3669 vetita
1783 3590 2011 3687 Europae

323 3763 457 3814 »oras
488 3741 728 3814 salutavit
758 3761 1009 3833 uunquam,
1045 3759 1114 3810 nec
1145 3735 1265 3807 hortis
1295 3736 1430 3818 nostris
1454 3745 1558 3828 grata
1581 3734 1655 3809 fuit
1677 3762 1836 3833 unquam
1860 3739 2011 3835 hospes,

327 3912 416 3964 »nec
440 3886 550 3961 facile
575 3886 821 3964 eutonius«
875 3884 986 3969 Tales
1013 3897 1135 3957 autem
1159 3884 1310 3956 arbores
1335 3884 1409 3956 iam
1434 3894 1519 3954 ante
1545 3906 1680 3965 annum
1710 3887 1803 3979 1669
1828 3886 1867 3956 in
1897 3887 2014 3965 horto

321 4037 645 4131 Bevcmingkiano
669 4056 738 4129 per
772 4034 929 4138 aliquod.
944 4033 1075 4115 saltem
1108 4042 1254 4125 tempus
1296 4034 1490 4126 viguisse„
1520 4054 1631 4125 supra
1668 4032 2013 4120 demonstrarimus.

323 4184 501 4259 »Suffecit
525 4182 656 4274 nobie,
693 4181 825 4251 siccam
848 4181 948 4257 inter
971 4180 1085 4258 siccas
1109 4197 1353 4267 conservare,
1393 4177 1535 4270 flores„
1554 4201 1645 4274 qups
1668 4202 1745 4253 non
1768 4190 2029 4278 potueramus.

319 4333 450 4425 vivos,
484 4331 701 4404 demortuos
733 4335 858 4396 tamen
891 4325 1063 4396 lustrare.
1114 4322 1647 4420 Hermaphroditaest,
1691 4341 1737 4401 et
1771 4332 1817 4400 in
1847 4327 2011 4412 Horto

319 4440 827 4570 Malabarioocptimo
860 4470 1175 4556 describitur.
1227 4469 1390 4544 Stamina
1421 4474 1527 4562 anim,
1552 4499 1686 4561 novem
1709 4487 1814 4566 sunt,
1848 4499 2009 4570 quorum

324 4626 417 4717 »tria
430 4625 609 4697 interiora
632 4596 932 4718 appendiculam
959 4616 1137 4712 pistillum
1162 4617 1321 4690 unicum.
1373 4618 1505 4706 vids
1521 4621 1777 4711 Burmanni
1802 4621 2009 4714 Thasum

321 4796 447 4850 »rum
471 4738 807 4866 Zeylanicum‚
834 4764 908 4836 tab.
937 4761 995 4836 ab.
1020 4763 1079 4858 fig
1114 4765 1414 4860 marginalibus,.
1431 4771 1498 4840 ubi
1522 4793 1571 4839 u.
1596 4794 1748 4865 germen
1771 4795 1856 4844 cum
1879 4772 2004 4867 stylo,

320 4944 380 4994 ss.
403 4935 545 5000 stamen
561 4919 712 4992 unicum
734 4938 784 4990 ex
807 4915 924 4988 tribus
948 4911 1211 5009 interioribus,
1236 4899 1409 5011 utrinque
1432 4916 1773 5014 appendiculum,
1802 4921 1837 4992 5.
1863 4918 2008 4992 corolla
