4470 6096
427 408 474 479 66

429 634 567 703 cortice
594 634 838 725 distinguitur.
890 633 1102 705 Tubercula
1125 658 1146 706 e
1171 637 1268 711 libro
1294 642 1505 733 prominent
1532 647 1687 734 minuta,
1714 669 1935 739 compressa,
1964 670 1984 716 e
2009 647 2127 718 radiis

429 784 691 856 rnedullaribus
718 780 1034 880 (Markstrclrlen)
1067 797 1169 876 orta,
1212 789 1274 880 qui
1311 789 1448 858 librum
1481 801 1518 857 et
1542 792 1661 881 ipsum
1681 786 1860 879 ,corneam
1885 777 2031 863 intrant.
2084 795 2129 863 Si

431 943 657 1024 segmentum
683 928 945 1022 longitudinale
978 931 1066 1002 libri
1099 931 1197 1001 lente
1224 934 1311 1002 satis
1337 945 1490 1024 augente
1516 934 1742 1026 illustratur,
1770 936 1865 1005 radii
1887 939 1950 1006 isti
1973 937 2127 1008 m'edul-

431 1084 529 1152 lares
554 1083 592 1150 in
620 1091 853 1174 conspectum
879 1081 1046 1169 veniunt,
1062 1083 1135 1174 ‘qui
1151 1082 1251 1152 inter
1266 1083 1354 1153 libri
1371 1080 1523 1151 cellulas
1536 1082 1859 1176 valdeelongatas,
1882 1085 2128 1178 partimhya·

429 1231 535 1315 linas,
561 1227 695 1320 partim
720 1226 855 1299 {larido
875 1225 998 1295 colore
1014 1226 1158 1317 tinctas,
1185 1239 1355 1324 tanquan
1373 1230 1533 1303 lineolae
1546 1242 1751 1302 cernuntur
1767 1234 1913 1323 breves,
1929 1233 2126 1327 oblongae,

430 1350 603 1468 utrinque
635 1384 775 1463 acutae,
814 1395 834 1439 e
870 1373 1012 1443 cellulis
1038 1377 1242 1446 minoribus
1268 1366 1418 1449 circiter
1448 1373 1595 1468 19414,
1621 1383 1659 1449 in
1685 1380 1822 1472 duplici
1846 1354 1942 1451 serie
1968 1382 2127 1475 disposi-

431 1525 495 1612 tis,
517 1526 761 1592 'constructae
800 1520 984 1590 Discimus
1012 1520 1153 1610 ex'his,
1182 1523 1342 1594 radios
1368 1525 1484 1596 illos
1511 1548 1614 1595 esse
1639 1485 1946 1613 medullares,
1973 1527 2125 1596 mino-

432 1696 503 1743 res
538 1672 673 1761 dictos,
712 1666 846 1763 (lisine
879 1668 1196 1764 Morkstradlen,)
1228 1671 1291 1763 qui
1322 1672 1466 1767 liquore
1493 1672 1608 1743 rubro
1637 1670 1985 1764 repleti,·aromatis
2010 1674 2123 1743 huius

431 1819 730 1927 praestantissimi
766 1819 846 1889 reri
863 1821 864 1824 ’
879 1829 963 1887 sunt
994 1817 1140 1908 fontes,
1179 1819 1296 1912 eoq‘ue
1327 1819 1570 1910 praestantius
1604 1824 1694 1887 esse'
1716 1818 2007 1907 cinnamomum,¹
2048 1826 2124 1911 quo

429 1968 541 2057 magis
562 1942 669 2035 ¹liber
710 1965 911 2053 substantia
943 1964 1107 2033 corticali
1139 1962 1256 2035 fuerit
1293 1962 1507 2034 denudatus.
1580 1964 1737 2034 Praeter
1769 1961 1860 2032 haec
1895 1985 1943 2031 ex
1975 1963 2145 2057 disqui-.

429 2114 560 2181 sitione
586 2113 655 2180 hac
681 2114 895 2182 anatomica.
910 2135 1048 2183 norum
1072 2112 1263 2183 haurimus
1288 2123 1561 2204 argumentum,
1590 2110 1739 2181 cellulas
1765 2109 1953 2180 radiorum
1979 2108 2125 2178 medul-

363 2336 366 2342 ,
428 2262 576 2348 larium,
613 2264 651 2327 in
684 2259 815 2352 plantis
848 2260 1065 2354 quibusdam
1100 2282 1226 2329 succos
1260 2261 1431 2354 proprios
1463 2257 1654 2347 vehentes,
1681 2278 1853 2331 rasorum
1880 2255 2123 2351 propriorum

427 2411 525 2481 vices
551 2407 735 2498 suscipere
762 2429 892 2498 posse,
934 2408 1034 2499 quod
1066 2407 1104 2476 in
1137 2407 1313 2501 lunipero
1343 2407 1546 2499 virginiana
1569 2407 1641 2475 iam
1668 2403 1877 2475 observarit
1901 2400 1969 2472 cel.
2008 2403 2123 2472 Kie-

427 2578 586 2644 serus,
614 2546 777 2651 sssumus
802 2554 919 2622 nostri
949 2557 1031 2628 aevi
1063 2556 1310 2648 phytotonrus.

471 2706 474 2712 '
557 2721 590 2769 a.
640 2699 996 2773 Cinnamomum
1045 2702 1262 2772 indicum
1311 2724 1392 2772 seu
1448 2700 1677 2769 chinense
1723 2692 1908 2789 (Cassia
1946 2690 2125 2765 cinna-

646 2846 849 2943 momea)

398 3007 505 3076 tota
528 2995 622 3066 facie
649 3008 815 3086 externa,
836 2999 1012 3089 crassitie,
1041 2984 1166 3070 colore
1192 2997 1399 3070 obscuriori
1424 3006 1461 3068 et
1484 3017 1616 3088 sapore
1642 2989 1793 3062 fortiori
1817 2988 1928 3089 magis
1955 2988 2032 3058 acri
2055 3011 2124 3057 sa-

309 3210 314 3217 .
427 3145 473 3211 tis
501 3142 724 3232 distinctum,
752 3154 937 3213 structura
962 3145 1167 3215 anatomica
1191 3171 1276 3216 cum
1299 3113 1540 3215 antecedente
1567 3141 1740 3212 convenit
1764 3150 1801 3208 et
1826 3140 2124 3231 insequentibus

426 3299 568 3359 tantum
597 3288 768 3358 discedit:

430 3483 433 3493 ·
530 3456 567 3554 1)
609 3458 727 3528 Liber
752 3470 943 3529 contextus
969 3459 1161 3552 densioris,
1190 3459 1320 3531 cortici
1344 3458 1519 3532 crassiori
1545 3458 1680 3527 arctius
1704 3457 1892 3549 adhaeret
1957 3514 1960 3523 .

529 3604 567 3702 a)
603 3607 723 3677 Striae
739 3609 779 3675 in
800 3607 993 3701 superficie
1008 3609 1153 3680 corticis
1174 3607 1285 3680 fibras
1302 3607 1498 3707 validiores
1512 3615 1550 3675 et
1565 3605 1770 3676 tenaciores
1788 3604 1934 3696 sistunt,
1952 3605 2078 3698 itaque
2100 3628 2124 3675 a

389 3816 407 3843 ,κ
425 3756 565 3825 cortice
590 3753 733 3824 facilius
759 3756 903 3827 detrahi
925 3767 1085 3849 possunt

527 3900 567 3998 5)
593 3903 703 3973 Radii
727 3904 965 4005 medullares,
993 3905 1032 3974 in
1056 3905 1189 3999 pagiua
1213 3902 1497 3995 internamagis
1511 3901 1777 3995 prominentes,
1804 3897 1927 3991 plures
1944 3919 2123 3989 numero,

423 4046 613 4121 interdum
644 4063 682 4118 et
714 4054 927 4142 crassiores,
962 4076 982 4120 e
1008 4050 1239 4145 quadruplici
1265 4051 1483 4146 cellularum
1514 4047 1793 4120 serie‘formati
1827 4044 2122 4137 conspiciuntur,

428 4223 501 4292 quo
519 4221 664 4269 causam
687 4198 935 4290 intelligimus,
960 4221 1028 4268 cur
1045 4198 1225 4269 maiorem
1243 4195 1319 4279 olei
1337 4195 1499 4270 aetherei
1514 4195 1656 4289 copiam
1671 4195 1710 4265 in
1724 4193 1808 4285 hoc,
1827 4214 1938 4287 quam
1952 4190 1991 4260 in
2009 4199 2126 4260 ante-

426 4347 575 4417 cedente
602 4345 761 4437 cortice,
790 4347 1004 4440 reperimus.

1201 4601 1231 4696 t.
1282 4583 1375 4679 aa
1460 4630 1463 4636 ·

843 4761 900 4821 De
931 4762 1051 4825 modo
1082 4753 1406 4826 Cinnamomum
1437 4762 1693 4846 colligendi.

510 4940 637 5008 Herb.
673 4936 722 5004 'de
753 4941 888 5029 loger
919 4943 1054 5011 Relatio
1084 4948 1127 5009 de
1153 4965 1262 5012 messe
1286 4945 1508 5012 cinnamomi
1534 4949 1570 5010 iu
1591 4943 1729 5010 Valent.
1755 4942 1844 5008 Htst
1871 4932 1993 5021 Simpl.
2029 4940 2126 5018 1716,

591 5093 623 5155 p.
645 5074 719 5142 tt39.

1350 5361 1356 5372 ὁ
1448 5270 1487 5341 ’ὓ
