<?xml version="1.0" encoding="UTF-8"?>
<!DOCTYPE html PUBLIC "-//W3C//DTD XHTML 1.0 Transitional//EN"
    "http://www.w3.org/TR/xhtml1/DTD/xhtml1-transitional.dtd">
<html xmlns="http://www.w3.org/1999/xhtml" xml:lang="en" lang="en">
 <head>
  <title>
</title>
<meta http-equiv="Content-Type" content="text/html;charset=utf-8" />
  <meta name='ocr-system' content='tesseract 3.04.00' />
  <meta name='ocr-capabilities' content='ocr_page ocr_carea ocr_par ocr_line ocrx_word'/>
</head>
<body>
  <div class='ocr_page' id='page_1' title='image "./decinnamomodisp00esengoog_0015.png"; bbox 0 0 4470 6096; ppageno 0'>
   <div class='ocr_carea' id='block_1_1' title="bbox 176 1816 1464 1963">
    <p class='ocr_par' dir='ltr' id='par_1_1' title="bbox 176 1816 1464 1963">
     <span class='ocr_line' id='line_1_1' title="bbox 176 1816 1464 1963; baseline -0.012 -39"><span class='ocrx_word' id='word_1_1' title='bbox 176 1887 179 1894; x_wconf 76' lang='lat'><em>·</em></span> <span class='ocrx_word' id='word_1_2' title='bbox 308 1839 313 1924; x_wconf 48' lang='grc' dir='ltr'><strong>ς</strong></span> <span class='ocrx_word' id='word_1_3' title='bbox 407 1831 681 1931; x_wconf 75' lang='lat' dir='ltr'>uorsus</span> <span class='ocrx_word' id='word_1_4' title='bbox 726 1816 1464 1963; x_wconf 79' lang='lat' dir='ltr'>nnnlcusnuunuusrs.</span> 
     </span>
    </p>
   </div>
   <div class='ocr_carea' id='block_1_2' title="bbox 812 2147 1049 2172">
    <p class='ocr_par' dir='ltr' id='par_1_2' title="bbox 812 2147 1049 2172">
     <span class='ocr_line' id='line_1_2' title="bbox 812 2147 1049 2172; baseline 0 -1"><span class='ocrx_word' id='word_1_5' title='bbox 812 2147 1049 2172; x_wconf 47' lang='lat' dir='ltr'>“un—u·-</span> 
     </span>
    </p>
   </div>
   <div class='ocr_carea' id='block_1_3' title="bbox 92 2427 1780 2750">
    <p class='ocr_par' dir='ltr' id='par_1_3' title="bbox 92 2427 1780 2750">
     <span class='ocr_line' id='line_1_3' title="bbox 92 2427 1780 2593; baseline -0.014 -28"><span class='ocrx_word' id='word_1_6' title='bbox 92 2427 260 2570; x_wconf 88' lang='lat' dir='ltr'>Hortns</span> <span class='ocrx_word' id='word_1_7' title='bbox 292 2470 465 2570; x_wconf 36' lang='lat' dir='ltr'>medicus*</span> <span class='ocrx_word' id='word_1_8' title='bbox 488 2494 603 2568; x_wconf 80' lang='lat' dir='ltr'>ambit</span> <span class='ocrx_word' id='word_1_9' title='bbox 636 2491 821 2567; x_wconf 75' lang='lat' dir='ltr'>Museurn‘</span> <span class='ocrx_word' id='word_1_10' title='bbox 840 2487 1033 2563; x_wconf 81' lang='lat' dir='ltr'><strong>Historiae</strong></span> <span class='ocrx_word' id='word_1_11' title='bbox 1066 2477 1265 2568; x_wconf 86' lang='lat' dir='ltr'>naturalis,</span> <span class='ocrx_word' id='word_1_12' title='bbox 1304 2475 1403 2593; x_wconf 85' lang='lat' dir='ltr'>haud</span> <span class='ocrx_word' id='word_1_13' title='bbox 1436 2470 1614 2569; x_wconf 88' lang='lat' dir='ltr'>procula</span> <span class='ocrx_word' id='word_1_14' title='bbox 1650 2469 1780 2542; x_wconf 86' lang='lat' dir='ltr'>Bonna</span> 
     </span>
     <span class='ocr_line' id='line_1_4' title="bbox 92 2629 1780 2750; baseline -0.013 -27"><span class='ocrx_word' id='word_1_15' title='bbox 92 2636 185 2726; x_wconf 86' lang='lat' dir='ltr'>urbe</span> <span class='ocrx_word' id='word_1_16' title='bbox 217 2653 265 2726; x_wconf 90' lang='lat' dir='ltr'>ad</span> <span class='ocrx_word' id='word_1_17' title='bbox 296 2654 462 2727; x_wconf 84' lang='lat' dir='ltr'><strong>Vicum</strong></span> <span class='ocrx_word' id='word_1_18' title='bbox 497 2653 667 2750; x_wconf 80' lang='lat' dir='ltr'>Populi</span> <span class='ocrx_word' id='word_1_19' title='bbox 699 2653 833 2745; x_wconf 91' lang='lat' dir='ltr'>situm,</span> <span class='ocrx_word' id='word_1_20' title='bbox 870 2640 1116 2745; x_wconf 81' lang='lat' dir='ltr'>septendecim</span> <span class='ocrx_word' id='word_1_21' title='bbox 1150 2639 1319 2731; x_wconf 87' lang='lat' dir='ltr'>iugerum</span> <span class='ocrx_word' id='word_1_22' title='bbox 1347 2632 1629 2704; x_wconf 85' lang='lat' dir='ltr'>Borusaicorum</span> <span class='ocrx_word' id='word_1_23' title='bbox 1663 2629 1780 2724; x_wconf 87' lang='lat' dir='ltr'>spatio</span> 
     </span>
    </p>
   </div>
   <div class='ocr_carea' id='block_1_4' title="bbox 93 2774 1781 2887">
    <p class='ocr_par' dir='ltr' id='par_1_4' title="bbox 93 2774 1781 2887">
     <span class='ocr_line' id='line_1_5' title="bbox 93 2774 1781 2887; baseline -0.011 -8"><span class='ocrx_word' id='word_1_24' title='bbox 93 2809 287 2882; x_wconf 83' lang='lat' dir='ltr'>meridiem</span> <span class='ocrx_word' id='word_1_25' title='bbox 314 2833 440 2885; x_wconf 83' lang='lat' dir='ltr'>versus</span> <span class='ocrx_word' id='word_1_26' title='bbox 465 2813 563 2883; x_wconf 87' lang='lat' dir='ltr'>inter</span> <span class='ocrx_word' id='word_1_27' title='bbox 595 2809 777 2884; x_wconf 76' lang='lat' dir='ltr'><strong>orientem</strong></span> <span class='ocrx_word' id='word_1_28' title='bbox 811 2816 849 2878; x_wconf 87' lang='lat' dir='ltr'>et</span> <span class='ocrx_word' id='word_1_29' title='bbox 873 2795 1108 2876; x_wconf 86' lang='lat' dir='ltr'>occidentem.</span> <span class='ocrx_word' id='word_1_30' title='bbox 1160 2792 1331 2866; x_wconf 85' lang='lat' dir='ltr'>Munitur</span> <span class='ocrx_word' id='word_1_31' title='bbox 1370 2791 1467 2877; x_wconf 74' lang='lat' dir='ltr'>fossa</span> <span class='ocrx_word' id='word_1_32' title='bbox 1490 2810 1639 2887; x_wconf 73' lang='lat' dir='ltr'>aquae,</span> <span class='ocrx_word' id='word_1_33' title='bbox 1680 2774 1781 2860; x_wconf 76' lang='lat' dir='ltr'>lente</span> 
     </span>
    </p>
   </div>
   <div class='ocr_carea' id='block_1_5' title="bbox 95 2949 1831 3055">
    <p class='ocr_par' dir='ltr' id='par_1_5' title="bbox 95 2949 1831 3055">
     <span class='ocr_line' id='line_1_6' title="bbox 95 2949 1831 3055; baseline -0.01 -22"><span class='ocrx_word' id='word_1_34' title='bbox 95 2962 290 3034; x_wconf 70' lang='lat' dir='ltr'>adfluentis</span> <span class='ocrx_word' id='word_1_35' title='bbox 315 2973 354 3034; x_wconf 85' lang='lat' dir='ltr'>et</span> <span class='ocrx_word' id='word_1_36' title='bbox 377 2963 569 3036; x_wconf 86' lang='lat' dir='ltr'>defluentis</span> <span class='ocrx_word' id='word_1_37' title='bbox 583 3013 594 3051; x_wconf 94' lang='lat'>,</span> <span class='ocrx_word' id='word_1_38' title='bbox 631 2986 725 3055; x_wconf 89' lang='lat' dir='ltr'>quae</span> <span class='ocrx_word' id='word_1_39' title='bbox 760 2960 923 3052; x_wconf 88' lang='lat' dir='ltr'>undique</span> <span class='ocrx_word' id='word_1_40' title='bbox 947 2974 1035 3022; x_wconf 89' lang='lat' dir='ltr'>eum</span> <span class='ocrx_word' id='word_1_41' title='bbox 1065 2950 1234 3042; x_wconf 77' lang='lat' dir='ltr'>eingens,</span> <span class='ocrx_word' id='word_1_42' title='bbox 1260 2949 1436 3018; x_wconf 79' lang='lat' dir='ltr'>barbaros</span> <span class='ocrx_word' id='word_1_43' title='bbox 1462 2950 1629 3018; x_wconf 87' lang='lat' dir='ltr'>incursus</span> <span class='ocrx_word' id='word_1_44' title='bbox 1655 2957 1779 3038; x_wconf 73' lang='lat' dir='ltr'>arcet,</span> <span class='ocrx_word' id='word_1_45' title='bbox 1826 2998 1831 3005; x_wconf 88' lang='lat'><strong><em>.</em></strong></span> 
     </span>
    </p>
   </div>
   <div class='ocr_carea' id='block_1_6' title="bbox 92 3101 1922 4773">
    <p class='ocr_par' dir='ltr' id='par_1_6' title="bbox 92 3101 1922 4773">
     <span class='ocr_line' id='line_1_7' title="bbox 95 3101 1783 3202; baseline -0.015 -17"><span class='ocrx_word' id='word_1_46' title='bbox 95 3137 162 3186; x_wconf 85' lang='lat' dir='ltr'>ner</span> <span class='ocrx_word' id='word_1_47' title='bbox 188 3135 298 3186; x_wconf 89' lang='lat' dir='ltr'>muro</span> <span class='ocrx_word' id='word_1_48' title='bbox 322 3113 687 3202; x_wconf 80' lang='lat' dir='ltr'>circumducto.upus</span> <span class='ocrx_word' id='word_1_49' title='bbox 712 3107 806 3195; x_wconf 83' lang='lat' dir='ltr'>fuit,</span> <span class='ocrx_word' id='word_1_50' title='bbox 843 3124 912 3174; x_wconf 87' lang='lat' dir='ltr'>nec</span> <span class='ocrx_word' id='word_1_51' title='bbox 935 3103 1109 3197; x_wconf 76' lang='lat' dir='ltr'>sepibus,</span> <span class='ocrx_word' id='word_1_52' title='bbox 1152 3105 1218 3175; x_wconf 83' lang='lat' dir='ltr'>sed</span> <span class='ocrx_word' id='word_1_53' title='bbox 1241 3112 1344 3196; x_wconf 83' lang='lat' dir='ltr'>patet</span> <span class='ocrx_word' id='word_1_54' title='bbox 1368 3105 1469 3198; x_wconf 78' lang='lat' dir='ltr'>regio</span> <span class='ocrx_word' id='word_1_55' title='bbox 1495 3101 1670 3195; x_wconf 76' lang='lat' dir='ltr'>finitima,</span> <span class='ocrx_word' id='word_1_56' title='bbox 1708 3103 1783 3174; x_wconf 71' lang='lat' dir='ltr'>fer.</span> 
     </span>
     <span class='ocr_line' id='line_1_8' title="bbox 97 3252 1784 3360; baseline -0.004 -22"><span class='ocrx_word' id='word_1_57' title='bbox 97 3269 349 3341; x_wconf 86' lang='lat' dir='ltr'>tilissimorum</span> <span class='ocrx_word' id='word_1_58' title='bbox 375 3287 548 3360; x_wconf 80' lang='lat' dir='ltr'>agrorum</span> <span class='ocrx_word' id='word_1_59' title='bbox 572 3261 684 3338; x_wconf 74' lang='lat' dir='ltr'>variis</span> <span class='ocrx_word' id='word_1_60' title='bbox 709 3257 878 3332; x_wconf 83' lang='lat' dir='ltr'>terminis</span> <span class='ocrx_word' id='word_1_61' title='bbox 903 3252 1166 3353; x_wconf 84' lang='lat' dir='ltr'>coloribusque</span> <span class='ocrx_word' id='word_1_62' title='bbox 1191 3269 1388 3352; x_wconf 85' lang='lat' dir='ltr'>exornata,</span> <span class='ocrx_word' id='word_1_63' title='bbox 1425 3260 1586 3354; x_wconf 87' lang='lat' dir='ltr'>vicisque</span> <span class='ocrx_word' id='word_1_64' title='bbox 1615 3260 1784 3353; x_wconf 73' lang='lat' dir='ltr'>plurimis</span> 
     </span>
     <span class='ocr_line' id='line_1_9' title="bbox 95 3403 1785 3511; baseline -0.002 -21"><span class='ocrx_word' id='word_1_65' title='bbox 95 3420 257 3509; x_wconf 83' lang='lat' dir='ltr'>censita,</span> <span class='ocrx_word' id='word_1_66' title='bbox 297 3417 415 3486; x_wconf 86' lang='lat' dir='ltr'>donee</span> <span class='ocrx_word' id='word_1_67' title='bbox 451 3436 473 3483; x_wconf 89' lang='lat' dir='ltr'>a</span> <span class='ocrx_word' id='word_1_68' title='bbox 504 3412 652 3483; x_wconf 86' lang='lat' dir='ltr'>sinistra</span> <span class='ocrx_word' id='word_1_69' title='bbox 685 3406 941 3504; x_wconf 85' lang='lat' dir='ltr'>prospicientia</span> <span class='ocrx_word' id='word_1_70' title='bbox 964 3403 1126 3508; x_wconf 70' lang='lat' dir='ltr'>‘Septem&#39;</span> <span class='ocrx_word' id='word_1_71' title='bbox 1148 3413 1332 3488; x_wconf 86' lang='lat' dir='ltr'>Montium</span> <span class='ocrx_word' id='word_1_72' title='bbox 1368 3418 1493 3511; x_wconf 83' lang='lat' dir='ltr'>iugum</span> <span class='ocrx_word' id='word_1_73' title='bbox 1524 3418 1726 3509; x_wconf 79' lang='lat' dir='ltr'>variabile,</span> <span class='ocrx_word' id='word_1_74' title='bbox 1764 3443 1785 3487; x_wconf 82' lang='lat' dir='ltr'>a</span> 
     </span>
     <span class='ocr_line' id='line_1_10' title="bbox 96 3559 1784 3667; baseline -0.002 -21"><span class='ocrx_word' id='word_1_75' title='bbox 96 3577 225 3648; x_wconf 85' lang='lat' dir='ltr'>dextra</span> <span class='ocrx_word' id='word_1_76' title='bbox 251 3572 628 3663; x_wconf 84' lang='lat' dir='ltr'>Godeaburgum,</span> <span class='ocrx_word' id='word_1_77' title='bbox 668 3590 738 3640; x_wconf 86' lang='lat' dir='ltr'>arx</span> <span class='ocrx_word' id='word_1_78' title='bbox 761 3580 928 3664; x_wconf 82' lang='lat' dir='ltr'>remsta,</span> <span class='ocrx_word' id='word_1_79' title='bbox 967 3572 1032 3645; x_wconf 80' lang='lat' dir='ltr'>rix</span> <span class='ocrx_word' id='word_1_80' title='bbox 1056 3559 1222 3643; x_wconf 85' lang='lat' dir='ltr'>milliarii</span> <span class='ocrx_word' id='word_1_81' title='bbox 1246 3573 1354 3644; x_wconf 86' lang='lat' dir='ltr'>unius</span> <span class='ocrx_word' id='word_1_82' title='bbox 1379 3574 1538 3664; x_wconf 88' lang='lat' dir='ltr'>itinere,</span> <span class='ocrx_word' id='word_1_83' title='bbox 1576 3575 1711 3667; x_wconf 79' lang='lat' dir='ltr'>limites</span> <span class='ocrx_word' id='word_1_84' title='bbox 1737 3596 1784 3643; x_wconf 88' lang='lat' dir='ltr'>ex</span> 
     </span>
     <span class='ocr_line' id='line_1_11' title="bbox 95 3725 1784 3829; baseline -0.001 -25"><span class='ocrx_word' id='word_1_85' title='bbox 95 3738 162 3804; x_wconf 89' lang='lat' dir='ltr'>ista</span> <span class='ocrx_word' id='word_1_86' title='bbox 186 3743 293 3829; x_wconf 88' lang='lat' dir='ltr'>parte</span> <span class='ocrx_word' id='word_1_87' title='bbox 319 3729 435 3803; x_wconf 87' lang='lat' dir='ltr'>oculis</span> <span class='ocrx_word' id='word_1_88' title='bbox 459 3737 621 3824; x_wconf 80' lang='lat' dir='ltr'>ponunt3</span> <span class='ocrx_word' id='word_1_89' title='bbox 658 3750 706 3801; x_wconf 86' lang='lat' dir='ltr'>ex</span> <span class='ocrx_word' id='word_1_90' title='bbox 739 3725 856 3800; x_wconf 88' lang='lat' dir='ltr'>altera</span> <span class='ocrx_word' id='word_1_91' title='bbox 884 3739 992 3824; x_wconf 82' lang='lat' dir='ltr'>perte</span> <span class='ocrx_word' id='word_1_92' title='bbox 1018 3727 1152 3802; x_wconf 89' lang='lat' dir='ltr'>Mons</span> <span class='ocrx_word' id='word_1_93' title='bbox 1196 3728 1365 3802; x_wconf 79' lang='lat' dir='ltr'>Crucis</span> <span class='ocrx_word' id='word_1_94' title='bbox 1406 3733 1596 3826; x_wconf 79' lang='lat' dir='ltr'>imminet,</span> <span class='ocrx_word' id='word_1_95' title='bbox 1635 3734 1784 3805; x_wconf 84' lang='lat' dir='ltr'>acuius</span> 
     </span>
     <span class='ocr_line' id='line_1_12' title="bbox 94 3882 1680 3984; baseline -0.003 -25"><span class='ocrx_word' id='word_1_96' title='bbox 94 3891 189 3984; x_wconf 87' lang='lat' dir='ltr'>pede</span> <span class='ocrx_word' id='word_1_97' title='bbox 216 3891 263 3960; x_wconf 85' lang='lat' dir='ltr'>sd</span> <span class='ocrx_word' id='word_1_98' title='bbox 286 3889 387 3961; x_wconf 90' lang='lat' dir='ltr'>horti</span> <span class='ocrx_word' id='word_1_99' title='bbox 409 3888 522 3983; x_wconf 81' lang='lat' dir='ltr'>ipsius</span> <span class='ocrx_word' id='word_1_100' title='bbox 546 3885 726 3958; x_wconf 84' lang='lat' dir='ltr'>terminos</span> <span class='ocrx_word' id='word_1_101' title='bbox 752 3885 894 3961; x_wconf 86' lang='lat' dir='ltr'>Vicus</span> <span class='ocrx_word' id='word_1_102' title='bbox 918 3884 1094 3981; x_wconf 88' lang='lat' dir='ltr'>Populi</span> <span class='ocrx_word' id='word_1_103' title='bbox 1119 3882 1293 3958; x_wconf 83' lang='lat' dir='ltr'>aedificiis</span> <span class='ocrx_word' id='word_1_104' title='bbox 1317 3889 1392 3958; x_wconf 86' lang='lat' dir='ltr'>suis</span> <span class='ocrx_word' id='word_1_105' title='bbox 1418 3891 1589 3982; x_wconf 86' lang='lat' dir='ltr'>pertinet.</span> <span class='ocrx_word' id='word_1_106' title='bbox 1669 3932 1680 3954; x_wconf 87' lang='lat'><strong>.</strong></span> 
     </span>
     <span class='ocr_line' id='line_1_13' title="bbox 192 4041 1922 4142; baseline 0.003 -24"><span class='ocrx_word' id='word_1_107' title='bbox 192 4046 282 4119; x_wconf 88' lang='lat' dir='ltr'>Solo</span> <span class='ocrx_word' id='word_1_108' title='bbox 313 4046 423 4142; x_wconf 87' lang='lat' dir='ltr'>plano</span> <span class='ocrx_word' id='word_1_109' title='bbox 458 4055 515 4117; x_wconf 87' lang='lat' dir='ltr'>est</span> <span class='ocrx_word' id='word_1_110' title='bbox 546 4044 698 4139; x_wconf 89' lang='lat' dir='ltr'>hortus,</span> <span class='ocrx_word' id='word_1_111' title='bbox 735 4045 884 4142; x_wconf 79' lang='lat' dir='ltr'>aprico,</span> <span class='ocrx_word' id='word_1_112' title='bbox 922 4068 969 4117; x_wconf 88' lang='lat' dir='ltr'>ex</span> <span class='ocrx_word' id='word_1_113' title='bbox 1004 4043 1135 4141; x_wconf 85' lang='lat' dir='ltr'>argilla</span> <span class='ocrx_word' id='word_1_114' title='bbox 1158 4041 1345 4138; x_wconf 86' lang='lat' dir='ltr'>humoque</span> <span class='ocrx_word' id='word_1_115' title='bbox 1369 4045 1511 4138; x_wconf 83' lang='lat' dir='ltr'>mixto,</span> <span class='ocrx_word' id='word_1_116' title='bbox 1550 4049 1637 4119; x_wconf 86' lang='lat' dir='ltr'>satis</span> <span class='ocrx_word' id='word_1_117' title='bbox 1672 4050 1784 4123; x_wconf 87' lang='lat' dir='ltr'>etiam</span> <span class='ocrx_word' id='word_1_118' title='bbox 1906 4042 1922 4096; x_wconf 71' lang='lat' dir='ltr'>J</span> 
     </span>
     <span class='ocr_line' id='line_1_14' title="bbox 92 4201 1782 4302; baseline 0.001 -24"><span class='ocrx_word' id='word_1_119' title='bbox 92 4207 236 4301; x_wconf 84' lang='lat' dir='ltr'>pingui,</span> <span class='ocrx_word' id='word_1_120' title='bbox 263 4203 482 4299; x_wconf 88' lang='lat' dir='ltr'>plantasque</span> <span class='ocrx_word' id='word_1_121' title='bbox 506 4225 681 4298; x_wconf 75' lang='lat' dir='ltr'>persaepe</span> <span class='ocrx_word' id='word_1_122' title='bbox 706 4201 755 4273; x_wconf 87' lang='lat' dir='ltr'>sd</span> <span class='ocrx_word' id='word_1_123' title='bbox 783 4203 991 4276; x_wconf 86' lang='lat' dir='ltr'>mirandam</span> <span class='ocrx_word' id='word_1_124' title='bbox 1016 4204 1246 4278; x_wconf 79' lang='lat' dir='ltr'>altitudinem</span> <span class='ocrx_word' id='word_1_125' title='bbox 1272 4206 1422 4277; x_wconf 89' lang='lat' dir='ltr'>enutrit.</span> <span class='ocrx_word' id='word_1_126' title='bbox 1473 4203 1531 4276; x_wconf 78' lang='lat' dir='ltr'>Ea</span> <span class='ocrx_word' id='word_1_127' title='bbox 1555 4229 1641 4301; x_wconf 90' lang='lat' dir='ltr'>pars</span> <span class='ocrx_word' id='word_1_128' title='bbox 1666 4206 1782 4302; x_wconf 89' lang='lat' dir='ltr'>horti,</span> 
     </span>
     <span class='ocr_line' id='line_1_15' title="bbox 93 4336 1855 4459; baseline 0.002 -23"><span class='ocrx_word' id='word_1_129' title='bbox 93 4385 186 4457; x_wconf 85' lang='lat' dir='ltr'>quae</span> <span class='ocrx_word' id='word_1_130' title='bbox 210 4363 309 4434; x_wconf 88' lang='lat' dir='ltr'>inter</span> <span class='ocrx_word' id='word_1_131' title='bbox 335 4372 456 4433; x_wconf 90' lang='lat' dir='ltr'>ortum</span> <span class='ocrx_word' id='word_1_132' title='bbox 483 4370 521 4430; x_wconf 89' lang='lat' dir='ltr'>et</span> <span class='ocrx_word' id='word_1_133' title='bbox 547 4382 713 4432; x_wconf 85' lang='lat' dir='ltr'>occasum</span> <span class='ocrx_word' id='word_1_134' title='bbox 736 4360 914 4435; x_wconf 85' lang='lat' dir='ltr'>latissima</span> <span class='ocrx_word' id='word_1_135' title='bbox 938 4373 1066 4459; x_wconf 83' lang='lat' dir='ltr'>patet,</span> <span class='ocrx_word' id='word_1_136' title='bbox 1106 4361 1316 4458; x_wconf 84' lang='lat' dir='ltr'>quindecim</span> <span class='ocrx_word' id='word_1_137' title='bbox 1339 4336 1509 4457; x_wconf 75' lang='lat' dir='ltr'>iugeium</span> <span class='ocrx_word' id='word_1_138' title='bbox 1541 4364 1706 4455; x_wconf 84' lang='lat' dir='ltr'>ambitu,</span> <span class='ocrx_word' id='word_1_139' title='bbox 1745 4367 1786 4439; x_wconf 88' lang='lat' dir='ltr'>in</span> <span class='ocrx_word' id='word_1_140' title='bbox 1821 4386 1855 4445; x_wconf 61' lang='lat' dir='ltr'>e</span> 
     </span>
     <span class='ocr_line' id='line_1_16' title="bbox 92 4513 1784 4625; baseline 0.007 -37"><span class='ocrx_word' id='word_1_141' title='bbox 92 4529 169 4588; x_wconf 80' lang='lat' dir='ltr'>tres</span> <span class='ocrx_word' id='word_1_142' title='bbox 194 4537 323 4587; x_wconf 84' lang='lat' dir='ltr'>rursus</span> <span class='ocrx_word' id='word_1_143' title='bbox 344 4515 593 4590; x_wconf 74' lang='lat' dir='ltr'>subdividitur</span> <span class='ocrx_word' id='word_1_144' title='bbox 614 4527 738 4611; x_wconf 87' lang='lat' dir='ltr'>partes</span> <span class='ocrx_word' id='word_1_145' title='bbox 762 4513 843 4588; x_wconf 85' lang='lat' dir='ltr'>fere</span> <span class='ocrx_word' id='word_1_146' title='bbox 869 4538 1026 4625; x_wconf 76' lang='lat' dir='ltr'>aequas,</span> <span class='ocrx_word' id='word_1_147' title='bbox 1054 4542 1211 4616; x_wconf 88' lang='lat' dir='ltr'>quarum</span> <span class='ocrx_word' id='word_1_148' title='bbox 1236 4522 1332 4592; x_wconf 88' lang='lat' dir='ltr'>duae</span> <span class='ocrx_word' id='word_1_149' title='bbox 1344 4572 1357 4614; x_wconf 95' lang='lat'>,</span> <span class='ocrx_word' id='word_1_150' title='bbox 1385 4522 1560 4617; x_wconf 89' lang='lat' dir='ltr'>utrinque</span> <span class='ocrx_word' id='word_1_151' title='bbox 1585 4525 1631 4595; x_wconf 88' lang='lat' dir='ltr'>ad</span> <span class='ocrx_word' id='word_1_152' title='bbox 1661 4536 1784 4600; x_wconf 89' lang='lat' dir='ltr'>ortum</span> 
     </span>
     <span class='ocr_line' id='line_1_17' title="bbox 93 4671 1782 4773; baseline 0.008 -32"><span class='ocrx_word' id='word_1_153' title='bbox 93 4684 133 4742; x_wconf 88' lang='lat' dir='ltr'>et</span> <span class='ocrx_word' id='word_1_154' title='bbox 154 4673 347 4745; x_wconf 80' lang='lat' dir='ltr'>meridiem</span> <span class='ocrx_word' id='word_1_155' title='bbox 372 4671 609 4764; x_wconf 78' lang='lat' dir='ltr'>distributae,</span> <span class='ocrx_word' id='word_1_156' title='bbox 645 4673 821 4745; x_wconf 84' lang='lat' dir='ltr'>arborum</span> <span class='ocrx_word' id='word_1_157' title='bbox 856 4676 1020 4748; x_wconf 90' lang='lat' dir='ltr'>omnium</span> <span class='ocrx_word' id='word_1_158' title='bbox 1047 4689 1084 4750; x_wconf 89' lang='lat' dir='ltr'>et</span> <span class='ocrx_word' id='word_1_159' title='bbox 1108 4678 1308 4773; x_wconf 85' lang='lat' dir='ltr'>fruticum,</span> <span class='ocrx_word' id='word_1_160' title='bbox 1341 4681 1505 4754; x_wconf 87' lang='lat' dir='ltr'>hiemem</span> <span class='ocrx_word' id='word_1_161' title='bbox 1530 4693 1696 4755; x_wconf 86' lang='lat' dir='ltr'>nostram</span> <span class='ocrx_word' id='word_1_162' title='bbox 1720 4682 1782 4754; x_wconf 82' lang='lat' dir='ltr'>ie-</span> 
     </span>
    </p>
   </div>
   <div class='ocr_carea' id='block_1_7' title="bbox 77 4826 1784 4943">
    <p class='ocr_par' dir='ltr' id='par_1_7' title="bbox 77 4826 1784 4943">
     <span class='ocr_line' id='line_1_18' title="bbox 77 4826 1784 4943; baseline 0.006 -41"><span class='ocrx_word' id='word_1_163' title='bbox 77 4832 279 4943; x_wconf 84' lang='lat' dir='ltr'>rentium,</span> <span class='ocrx_word' id='word_1_164' title='bbox 317 4851 496 4924; x_wconf 83' lang='lat' dir='ltr'>nemora,</span> <span class='ocrx_word' id='word_1_165' title='bbox 532 4826 674 4901; x_wconf 81' lang='lat' dir='ltr'>enebris</span> <span class='ocrx_word' id='word_1_166' title='bbox 709 4829 907 4926; x_wconf 84' lang='lat' dir='ltr'>aliquando</span> <span class='ocrx_word' id='word_1_167' title='bbox 942 4833 1184 4933; x_wconf 88' lang='lat' dir='ltr'>implexisque</span> <span class='ocrx_word' id='word_1_168' title='bbox 1215 4836 1411 4914; x_wconf 78' lang='lat' dir='ltr'>frondibus</span> <span class='ocrx_word' id='word_1_169' title='bbox 1450 4841 1585 4934; x_wconf 91' lang='lat' dir='ltr'>denso,</span> <span class='ocrx_word' id='word_1_170' title='bbox 1638 4841 1784 4914; x_wconf 87' lang='lat' dir='ltr'>Eurum</span> 
     </span>
    </p>
   </div>
   <div class='ocr_carea' id='block_1_8' title="bbox 93 4958 1785 5200">
    <p class='ocr_par' dir='ltr' id='par_1_8' title="bbox 93 4958 1785 5200">
     <span class='ocr_line' id='line_1_19' title="bbox 93 4958 1785 5127; baseline 0.009 -69"><span class='ocrx_word' id='word_1_171' title='bbox 93 4984 342 5081; x_wconf 74' lang='lat' dir='ltr'>Austrumque</span> <span class='ocrx_word' id='word_1_172' title='bbox 390 4992 648 5127; x_wconf 38' lang='lat' dir='ltr'>compesce*</span> <span class='ocrx_word' id='word_1_173' title='bbox 691 4995 736 5059; x_wconf 86' lang='lat' dir='ltr'>et</span> <span class='ocrx_word' id='word_1_174' title='bbox 772 4989 842 5062; x_wconf 83' lang='lat' dir='ltr'>sub</span> <span class='ocrx_word' id='word_1_175' title='bbox 881 4991 1030 5067; x_wconf 71' lang='lat' dir='ltr'>umbras</span> <span class='ocrx_word' id='word_1_176' title='bbox 1072 4994 1224 5092; x_wconf 84' lang='lat' dir='ltr'>frigidas</span> <span class='ocrx_word' id='word_1_177' title='bbox 1271 4999 1444 5098; x_wconf 76' lang='lat' dir='ltr'>plantas,</span> <span class='ocrx_word' id='word_1_178' title='bbox 1496 5022 1592 5097; x_wconf 88' lang='lat' dir='ltr'>qnae</span> <span class='ocrx_word' id='word_1_179' title='bbox 1636 4958 1785 5098; x_wconf 76' lang='lat' dir='ltr'>fugiunt</span> 
     </span>
     <span class='ocr_line' id='line_1_20' title="bbox 1373 5148 1400 5200; baseline 0.01 -0.266"><span class='ocrx_word' id='word_1_180' title='bbox 1373 5148 1400 5200; x_wconf 66' lang='lat' dir='ltr'>a</span> 
     </span>
    </p>
   </div>
   <div class='ocr_carea' id='block_1_9' title="bbox 0 0 2240 6096">
    <p class='ocr_par' dir='ltr' id='par_1_9' title="bbox 0 0 2240 6096">
     <span class='ocr_line' id='line_1_21' title="bbox 0 0 2240 6096; baseline 0 0"><span class='ocrx_word' id='word_1_181' title='bbox 0 0 2240 6096; x_wconf 95' lang='lat' dir='ltr'> </span> 
     </span>
    </p>
   </div>
  </div>
 </body>
</html>
