4470 6096
163 610 257 671 a?

312 461 338 535 4

315 644 367 759 σα
386 688 516 759 iisdem
552 688 695 784 populis
724 686 902 785 appellati
929 690 1212 764 cinnamomum
1233 668 1644 793 'malabaricum.⁴‘)
1692 697 1800 793 Apud
1835 702 2007 778 Persae

313 840 445 909 eodem
459 861 550 909 sono
570 837 924 915 Dchlrineietael
947 841 1046 912 inter
1072 840 1182 912 Indos
1195 842 1396 955 hodiernos
1416 869 1561 939 quoque
1574 847 1654 918 Dar
1667 849 1792 941 Chini,
1816 851 1880 924 vix
1895 854 2008 924 aliter

191 1083 192 1087 Ἰ
316 985 543 1057 nisidiversa
567 989 819 1060 enuntiatione
845 991 1110 1083 distinguendo.
1137 989 1230 1084 Ipsis
1247 975 1753 1067 SinensibusCinnamomum
1778 999 1880 1069 audit
1909 1001 2008 1088 Quoi

314 1131 451 1202 reclina
468 1133 528 1207 vel
552 1134 652 1222 Quei
667 1135 805 1225 acken,
830 1161 923 1231 quae
948 1140 1077 1212 ultima
1090 1121 1185 1214 uox:
1208 1140 1337 1210 trohen
1354 1139 1415 1214 vel
1434 1140 1549 1212 selaeu
1575 1142 1746 1215 arborem
1772 1145 1833 1218 vel
1863 1146 2007 1238 lignum

312 1283 517 1379 significare
541 1283 686 1378 fertur3
721 1287 807 1358 hinc
821 1288 957 1382 'itaque
983 1288 1229 1382 arguendum,
1270 1288 1366 1376 Quci
1388 1285 1501 1376 illud,
1535 1271 1770 1382 peregrinam
1795 1291 2007 1405 Sinepsinm

312 1433 461 1526 linguae
501 1456 649 1525 vocem,
692 1457 890 1528 congruam
921 1460 1000 1508 ease
1032 1437 1131 1508 aonia
1169 1436 1232 1528 Ci,
1282 1435 1393 1526 cast,
1439 1435 1611 1529 Coachu,
1662 1436 1902 1530 Melabarico,
1938 1464 2007 1511 seu

312 1581 462 1653 Cassiae
476 1580 684 1675 linguarum
694 1584 987 1674 occidentalium,
1008 1585 1202 1658 initiumve
1221 1586 1446 1656 constituere
1458 1587 1752 1657 vocabuliCinn
1762 1611 2003 1680 amomum,

309 1729 463 1800 alteram
478 1740 600 1800 autem
613 1730 721 1804 verbi
734 1742 880 1824 partem
894 1732 1008 1803 selaeu
1027 1732 1121 1803 nihil
1136 1732 1236 1803 aliud
1253 1755 1346 1822 esse,
1368 1736 1411 1803 ao'
1423 1733 1570 1805 chacho
1586 1729 1844 1832 (techotacha)
1859 1736 2007 1829 linguae

311 1878 598 1985 Brachmanum,
610 1903 686 1951 ’aeu
711 1879 855 1951 Tedsch
872 1880 1166 1973 Bengalensium,
1181 1881 1345 1974 adeoque
1367 1880 1591 1985 Qud-aomo
1606 1880 1810 1978 significare
1822 1884 2008 1954 arboris

271 2057 272 2060 ¹
309 2027 608 2099 corticem-
634 2027 1002 2114 Dexbachiua**)
1032 2030 1180 2101 Cassiae
1198 2050 1333 2099 nomen
1355 2027 1454 2098 haud
1470 2029 1566 2100 male
1584 2051 1710 2103 aroce
1724 2030 1896 2101 hebraica
1908 2046 1993 2132 pap,
2013 2128 2016 2135 γ

309 2176 565 2267 decorticavit,
590 2177 834 2250 derivandum
848 2179 1111 2250 essedocet.-
1126 2178 1412 2250 cinnamomum
1426 2189 1547 2250 autem
1572 2200 1595 2246 a
1620 2177 1773 2249 Graecis
1783 2180 2007 2272 appellatum

310 2323 413 2417 quasi
427 2323 583 2396 Sinense
597 2321 878 2422 amomumffl),
905 2327 979 2397 iam
1005 2349 1053 2395 ex
1073 2348 1118 2396 eo
1142 2324 1277 2398 fabum
1301 2326 1525 2415 declaratur,
1544 2325 1644 2417 quod
1670 2349 1743 2398 vox
1766 2328 2005 2400 Amomum

306 2474 378 2552 isto
410 2496 517 2543 sensu
543 2474 641 2567 apud
666 2474 832 2545 Graecos
858 2497 932 2545 nou
963 2474 1077 2567 magis
1101 2474 1141 2542 iu
1162 2497 1231 2545 usu
1247 2472 1333 2567 fuit,
1365 2496 1407 2543 ac
1432 2472 1502 2544 Sin
1526 2494 1592 2542 scu
1616 2471 1710 2562 Kin,
1734 2495 1755 2540 e
1780 2472 2005 2564 populorum

309 2621 518 2692 Siuensium
543 2621 668 2715 lingua
693 2623 909 2696 derivatum.

290 2779 292 2782 ’
408 2769 574 2843 Similem
610 2773 724 2844 habet
754 2773 904 2842 Cassiae
947 2771 1106 2843 nominis
1143 2768 1422 2863 explicationem
1472 2769 1514 2838 C.
1549 2767 1736 2837 Bouhinua
1751 2764 1807 2862 †)z
1855 2765 2007 2838 κασσία

304 2918 384 2994 eive
402 2917 539 3008 κασία,
571 2921 673 3015 quasi
697 2925 876 3013 κσσμῶσα
901 2913 966 2991 διὰ
979 2925 1042 3004 τῆς
1065 2916 1243 3009 εὐσσμίας
1261 2917 1329 2997 τὰς
1347 2916 1552 2998 αἰσθήσεις.

352 3370 379 3450 *l
413 3371 471 3434 Est
492 3370 590 3434 ctiam
608 3371 672 3434 alia
690 3372 897 3434 cinnamomo
920 3370 1008 3455 apud
1021 3358 1143 3431 Arabes
1164 3366 1341 3451 appellatio
1362 3311 1435 3454 &lazi
1447 3367 1517 3430 aive
1531 3319 1627 3453 “3ss5
1640 3366 1763 3445 (Armet
1782 3364 2002 3443 sireArmac)

429 3487 573 3565 incertae
588 3488 695 3551 adhuc
710 3487 857 3572 originis.
891 3487 1071 3550 advenam
1083 3496 1146 3583 'step‘
1164 3483 1337 3567 sequentia
1357 3505 1374 3546 e
1391 3483 1641 3581 'Firuzabadi
1661 3482 1783 3546 Lexico
1802 3504 1918 3565 magno
1937 3480 2002 3540 lin-

363 3646 368 3653 ·
431 3625 512 3688 guae
524 3603 681 3666 Arabicae
696 3602 949 3665 adnotavitFre
958 3611 1055 3686 ytag
1066 3599 1074 3659 i
1085 3624 1148 3680 us,
1166 3599 1294 3684 collega
1310 3599 1610 3662 coniunctissimus:
1628 3612 1689 3697 3553
1713 3597 2003 3682 (kirlahlspeciem

430 3742 498 3782 esse
529 3759 625 3823 W
644 3692 695 3823 ᾧ
723 3722 814 3793 (Dar
829 3717 963 3792 -zinil3
981 3717 1021 3778 ad
1042 3715 1105 3779 hoc
1123 3716 1211 3777 enim
1234 3715 1400 3798 pertinere
1424 3715 1606 3799 genuinum
1627 3715 1807 3793 Dar-zini,
1823 3714 1876 3775 cui
1902 3715 2003 3776 etiam

432 3855 552 3897 nomen
582 3834 683 3918 vulgo
714 3833 883 3916 imponere
917 3832 1058 3896 soleant:
1095 3832 1266 3892 Dar-zini
1299 3831 1423 3910 Alzin,
1465 3831 1487 3892 i.
1508 3852 1537 3896 e.
1571 3830 1740 3891 Dar-nini
1763 3828 2002 3906 ,chinense

427 3954 573 4036 Corpore
611 3973 678 4015 esse
702 3950 818 4036 pingui
858 3954 1000 4029 (crasso)
1035 3949 1142 4013 calido
1165 3949 1339 4032 fructuque
1357 3947 1458 4011 sacili.
1499 3948 1571 4008 Huc
1596 3945 1695 4008 etiam
1728 3943 1847 4006 referri
1884 3965 2004 4007 verum

429 4065 566 4147 Ilirsalr,
599 4066 698 4128 rubro
729 4069 858 4146 colore,
880 4077 969 4130 tactu
989 4065 1206 4130 laevissimum
1226 4065 1269 4141 (i.
1303 4086 1333 4127 e.
1356 4064 1492 4141 molle);
1517 4063 1563 4125 ad
1587 4061 1799 4124 dulcedinem
1820 4059 1883 4123 hoc
1905 4083 2003 4122 acee-

431 4183 529 4262 dere,
568 4183 643 4245 rudi
671 4205 738 4246 esse
771 4182 965 4267 superficie,
997 4181 1105 4243 odoris
1135 4176 1325 4256 aromatici,
1365 4179 1487 4261 saporis
1518 4176 1600 4240 acris
1630 4185 1663 4240 et
1698 4176 1867 4242 mordacia.
1908 4175 2005 4238 Eius·

427 4300 516 4363 modi
528 4299 641 4364 haberi
654 4298 773 4383 Kirfalt
786 4297 980 4381 Allaranfol
998 4296 1162 4374 (Kirfah
1175 4293 1473 4380 caryophyllorum)
1494 4296 1706 4379 appellatum,
1720 4294 1873 4377 idemque
1886 4301 2002 4370 tenne,

430 4417 568 4495 durum,
601 4414 636 4475 in
668 4413 878 4498 nigredinem
907 4433 1046 4496 vergens
1070 4422 1103 4475 et
1135 4413 1329 4496 neutiquam
1355 4411 1492 4497 tragile,
1534 4412 1568 4473 in
1596 4433 1662 4497 quo
1694 4412 1775 4474 odor
1804 4408 2004 4492 earyophyl-

429 4533 541 4592 lorum
565 4552 735 4615 nunquam
771 4527 1046 4615 deprehendatur.
1089 4529 1146 4590 His
1177 4528 1329 4590 omnibus
1350 4527 1546 4592 vim-inesse
1575 4524 1820 4602 calefaciendi,
1837 4522 2001 4602 leniendi,

429 4646 615 4726 excitandi,
638 4646 841 4725 exsiccandi,
865 4644 963 4708 etiam
984 4645 1170 4708 conducere
1192 4646 1233 4708 ad
1259 4644 1531 4708 corroborandam
1557 4642 1754 4707 memoriam.

351 4767 397 4849 ξ’)
420 4766 446 4842 1,
472 4767 511 4827 G.
531 4762 687 4826 Dexhach
700 4762 782 4826 Dias.
806 4763 846 4825 de
867 4761 975 4825 Cassia
1003 4762 1236 4826 Cinnamomea
1258 4769 1293 4824 et
1315 4759 1514 4824 Malabathro
1540 4759 1573 4819 in
1605 4757 1775 4825 Valentini
1798 4756 1877 4820 Hiat.
1893 4754 2003 4838 simpl.

428 4881 490 4942 ref.
511 4902 542 4964 p.
566 4879 636 4962 597.
1648 4919 1652 4927 ·
1673 4934 1675 4938 .
1780 4868 1803 4911 ἡ

334 4998 394 5074 ω)
421 4998 472 5058 cl,
495 4999 589 5058 Garc.
611 4996 720 5057 Aram
751 4996 774 5056 l·
797 4994 864 5077 ¹59·

357 5140 392 5215 as)
414 5133 487 5195 rin.
507 5155 538 5218 p.
560 5134 632 5211 408·
811 5126 814 5131 ’
