4470 6096
1808 472 1980 547 55t

166 705 389 807 principales
414 705 462 775 sd
487 704 630 800 apicem
653 701 736 774 folii
768 713 1030 794 excurrentes,
1064 703 1169 776 renis
1200 697 1506 776 transversalibus
1531 698 1671 770 crebris
1696 699 1795 772 inter
1820 724 1860 772 se

167 855 349 948 connexi,
391 873 505 946 supra
539 849 716 921 foliorum
738 824 853 919 'basin
888 872 936 918 ex
966 873 1040 921 uno
1075 860 1114 919 et
1144 849 1289 943 integro
1320 871 1439 921 nervo
1464 859 1588 918 ortum
1624 849 1783 943 ducunt3
1821 850 1863 922 in

166 1005 300 1100 pagina
335 984 520 1095 superiori
560 1011 645 1069 sunt
679 997 817 1088 albidi,
859 997 998 1090 glabri,
1039 979 1234 1089 immersi,
1280 999 1320 1068 in
1338 997 1494 1090 :pagina
1529 994 1703 1067 inferiori
1719 1009 1862 1083 ,contra

167 1141 275 1229 valde
301 1149 534 1247 prominent,
574 1147 698 1271 ib'upe
730 1106 814 1241 pffls
843 1144 994 1216 sericeis
1020 1149 1238 1221 vestiuntur.
1289 1116 1500 1249 Longjtullo
1525 1143 1701 1216 loliorum
1726 1146 1860 1243 variet:

169 1299 243 1370 elia
258 1299 404 1369 ndnora
424 1296 549 1366 uncias
567 1296 728 1388 quinque
743 1291 866 1387 longa,
893 1288 1232 1389 sesquiunciasflate
1252 1306 1350 1387 sunt,
1377 1278 1464 1383 alia,
1486 1316 1580 1387 quaa
1598 1292 1771 1382 maxima,
1795 1315 1864 1363 un·

170 1447 244 1517 cias
261 1467 396 1518 novem
416 1442 644 1535 longitudine
662 1449 700 1510 et
712 1439 837 1510 uncias
853 1450 930 1510 tres
950 1440 1143 1514 latitudine
1164 1446 1357 1515 excedunt.
1400 1442 1530 1512 Flores
1547 1441 1864 1535 racemum-pani-

79 1551 84 1556 *
169 1594 283 1665 colati
319 1615 367 1663 ex
407 1589 527 1661 axillis
566 1586 743 1661 loliorum
777 1587 1012 1682 superiorum
1042 1591 1275 1682 proveniunt.
1335 1590 1533 1663 Paniculaa
1565 1601 1726 1680 erectae,
1767 1588 1861 1660 folio

169 1764 301 1837 parum
334 1738 545 1830 breviores,
582 1761 603 1807 e
636 1738 747 1808 ramis
780 1736 933 1807 alternis
960 1739 1321 1833 erecto-patentibus
1346 1738 1589 1813 breviusculis
1614 1738 1717 1832 apice
1740 1733 1864 1807 bifidis

133 1901 138 1910 ·
169 1888 321 1959 sericeis
355 1870 544 1975 constant,
588 1885 651 1977 qui
689 1863 843 1953 floribus
877 1883 1095 1957 brevissime
1135 1887 1360 1977 pedicellatis
1393 1884 1651 1958 terminantur.
1712 1884 1865 1956 Corolla

131 2113 134 2117 ,
170 2033 314 2121 albida,
350 2041 454 2100 extus
479 2031 878 2125 sericeo-pubescens,
913 2031 1053 2103 laciniis
1087 2033 1252 2106 ovalibus
1286 2033 1437 2109 obtusis.
1486 2032 1693 2107 Filamenta
1718 2016 1860 2139 ¹tlt->vem

168 2182 308 2254 fertilia
332 2180 599 2275 glabriuscula,
654 2181 794 2253 sterilis
823 2180 1124 2275 glanduliformia
1148 2183 1222 2253 tria
1246 2185 1347 2270 inter
1370 2183 1559 2290 interiora.
1615 2180 1800 2252 Antherae
1823 2154 1873 2250 ut
1908 2277 1911 2287 Ι

169 2331 211 2400 in
253 2331 495 2438 praecedente
528 2331 658 2424 specie.
719 2329 904 2399 Pistillum
934 2328 1164 2422 longitudine
1195 2326 1481 2406 filamentorum.
1539 2330 1715 2422 Fructus:
1749 2330 1862 2400 bacca

74 2526 85 2539 -.
171 2479 350 2572 oblonga,
390 2477 512 2571 glandi
548 2480 743 2573 quercinae
775 2479 924 2569 similis,
969 2478 1049 2549 basi
1079 2479 1213 2571 cupula
1239 2451 1479 2551 crassiuscula
1509 2480 1621 2577 viridi
1649 2478 1865 2549 sexdentata

169 2625 308 2714 cincta,
350 2623 511 2716 primum
557 2621 934 2717 viridi-fuscescens,
986 2629 1131 2719 nitens,
1171 2630 1314 2723 punctis
1352 2625 1482 2698 albidis
1526 2627 1723 2718 adspersa,
1777 2626 1864 2695 dein

168 2783 316 2843 mature
331 2772 662 2869 commeo-lusca,
688 2776 860 2848 nucleum
882 2773 1347 2845 rubro-coerulescentem
1373 2770 1576 2843 includens.
1628 2770 1748 2872 Sapor
1770 2773 1865 2843 acris
1931 2788 1936 2801 '

170 2930 210 2992 at
227 2922 451 2992 subamarus.
487 2918 596 3015 (Quis
616 2934 684 3018 est,
702 2928 780 3020 qui,
799 2925 934 2995 collata
951 2882 1021 2993 hac¹
1034 2920 1295 3014 descriptione,
1316 2918 1445 2990 Floras
1467 2919 1613 2992 Cassiae
1631 2917 1863 2991 officinarum

167 3066 313 3137 fructus
332 3068 441 3137 huius
462 3068 604 3139 arboris
626 3070 842 3143 immaturos
864 3094 960 3163 esse,
1006 3064 1368 3162 sibipersuadeatl)

270 3278 374 3349 Obs.
401 3278 541 3348 Cortex
565 3288 603 3347 et
621 3276 753 3370 petioli
776 3301 908 3371 sapore
925 3281 1085 3373 gaudent
1107 3281 1340 3354 Cinnamomi
1363 3284 1441 3354 acri
1465 3295 1503 3356 et
1527 3280 1862 3377 praestantissim03

168 3427 260 3496 solia
276 3428 315 3497 in
328 3426 524 3497 arbuscula
541 3436 668 3496 nostra
681 3424 764 3496 fere
785 3425 954 3518 insipida,
972 3426 1224 3522 mucilaginosi
1247 3441 1284 3501 et
1305 3432 1511 3507 subausteri
1526 3434 1679 3525 saporis,
1697 3433 1862 3505 necCin-

167 3595 384 3644 nemomum
407 3594 475 3644 nec
498 3570 766 3667 Caryophyllos
792 3562 1000 3642 referentis.
1450 3576 1519 3713 ἃ

269 3788 375 3861 Adn.
399 3788 544 3882 Species
561 3788 629 3857 ista
647 3787 692 3857 ab
710 3786 949 3858 antecedente
969 3786 1097 3858 habitu
1121 3792 1236 3881 magis
1257 3791 1441 3883 arboreo,
1474 3790 1650 3864 foliorum
1673 3792 1794 3864 forma
1824 3806 1861 3866 et
1902 3801 1928 3813 ’“

167 3936 432 4029 magnitudine,
449 3933 549 4030 (cum
561 3937 600 4005 in
616 3935 662 4006 L.
681 3936 923 4006 Cinnamomo
938 3934 1108 4025 latitudo,
1126 3960 1210 4008 cum
1229 3938 1456 4031 longitudine
1473 3938 1619 4029 collata,
1634 3941 1797 4009 numeris
1818 3961 1832 4007 1
1849 3961 1859 4005 r

168 4102 192 4150 s
219 4081 258 4153 in
279 4081 407 4154 Lauro
434 4082 559 4154 Cassia
582 4104 670 4156 vero
697 4082 860 4152 numeris
885 4103 923 4151 1:
952 4080 1253 4178 5respondeat,)
1277 4107 1344 4154 nec
1362 4107 1436 4155 non
1454 4082 1726 4156 inflorescentiu
1744 4060 1858 4178 magis

166 4251 357 4301 racemosa
383 4240 421 4303 et
452 4251 615 4313 ,numero
648 4229 843 4303 staminum
873 4228 1055 4302 sterilium
1083 4231 1244 4303 maxime
1268 4230 1445 4302 distincta.
1471 4269 1522 4284 -
1563 4232 1607 4302 ln
1636 4230 1854 4322 Melabaria,

165 4371 335 4446 Rhoedio
362 4385 474 4464 teste,
510 4376 623 4446 arbor
645 4377 691 4447 ad
713 4377 945 4447 altitudinem
966 4391 1125 4472 quatuor
1149 4391 1186 4450 et
1206 4374 1368 4474 quinque
1393 4382 1529 4472 pedum
1544 4382 1701 4473 assurgit
1714 4392 1751 4453 ot
1771 4406 1855 4454 nm·
1898 4349 1904 4356 ἱ

165 4519 249 4591 bitu
267 4522 475 4616 amplexum
493 4523 602 4594 unius
619 4508 763 4595 brachii
787 4520 927 4616 implet.

282 4866 289 4876 ι
367 4777 1009 4850 5.1·AuuusMalabathrum
1033 4778 1132 4849 Lin.
1549 4824 1590 4909 ὲ·
1659 4793 1663 4802 “

263 4967 310 5041 L.
340 4967 440 5044 loliis
462 4943 753 5071 (suboppositis)
787 4973 952 5069 oblongis
981 4975 1213 5048 acutiusculis
1239 4976 1455 5072 trinartiis,
1490 4948 1615 5056 neruis
1638 4977 1686 5050 ad
1707 4978 1852 5076 apicem

122 5204 148 5241 a«.
160 5112 249 5189 tetii
261 5140 355 5192 cum
373 5139 492 5198 nervo
507 5120 726 5195 intermedio
753 5120 1034 5202 confluentibus.
