4470 6096
843 432 879 493 ⁸
1702 578 1705 588 Ι
1916 469 1963 541 19

370 703 474 776 Haec
499 673 972 803 Amatus.'Fuchsius
998 708 1140 791 autem,
1164 697 1211 768 ob
1235 694 1361 786 fidem,
1389 717 1499 790 quam
1524 705 1691 788 suspecto
1716 694 1783 764 illo
1808 697 1965 766 menda-

272 857 414 926 ciorum
448 853 531 925 viro
565 815 778 938 tribuisset,
819 847 1034 939 gravissime
1063 844 1269 938 inculpatus
1305 868 1327 913 a
1356 839 1578 933 Matthiolo,
1615 845 1655 912 in
1687 842 1810 914 Tomo
1842 846 1963 938 primo

272 1026 438 1099 operum,
455 998 690 1071 Francolurti
715 998 762 1067 ad
778 993 956 1066 Moenum
983 1017 1078 1066 anno
1109 995 1201 1066 1666
1228 992 1351 1083 edito,
1377 1016 1413 1086 p.
1431 991 1478 1061 55
1504 990 1617 1062 alium
1642 1001 1776 1064 testem
1800 992 1961 1083 adducit,

271 1153 564 1226 Ludovicum
590 1147 975 1234 Vertomannum,
1009 1143 1203 1236 patricium
1229 1140 1460 1231 Romanum,
1495 1139 1560 1234 qui
1583 1139 1669 1209 libri
1695 1140 1717 1210 6
1745 1165 1832 1213 suae
1856 1127 1971 1229 naviss

265 1309 421 1406 gationis
455 1325 530 1393 cap.
558 1305 583 1384 4
616 1297 666 1366 de,
688 1295 930 1366 cinnamomo
955 1286 1070 1366 verba
1099 1289 1260 1382 faciens,
1294 1290 1505 1362 arborem
1540 1311 1619 1359 esse
1645 1288 1762 1380 dicat,
1800 1291 1965 1364 Lauro

263 1457 382 1531 haud
408 1443 690 1533 absimilem,
724 1442 1013 1535 praesertim
1038 1442 1076 1511 si
1101 1440 1217 1511 folia
1240 1438 1485 1533 spectes;“
1527 1438 1810 1511 cinnamomum
1837 1451 1965 1512 autem

263 1605 356 1678 nihil
382 1597 481 1671 aliud
508 1617 610 1685 esse,
657 1613 767 1686 quam
793 1588 933 1659 librum
961 1591 1206 1676 corticemve,
1236 1611 1396 1682 eumque
1422 1587 1473 1658 ita
1504 1587 1597 1682 legi:
1638 1589 1821 1682 »Singulis
1847 1588 1963 1660 ternis

265 1751 389 1836 annis,
433 1742 576 1837 inquit,
611 1739 780 1809 incidunt
815 1757 938 1805 ramos
970 1736 1249 1831 delibrantque,
1287 1734 1526 1829 demtumque
1558 1758 1603 1806 eo
1639 1735 1751 1806 modo
1786 1739 1964 1809 corticem

265 1865 622 1971 cinnamomum
649 1884 865 1982 appellant«
880 1923 930 1938 -
954 1880 1067 1955 Addit
1092 1882 1290 1975 Fuohsius,
1317 1892 1457 1953 tantam
1484 1906 1562 1956 esse
1588 1883 1736 1955 Cassiae
1762 1908 1846 1955 oum
1869 1885 1965 1955 cin·

265 2068 440 2117 namomo
467 1995 765 2123 similitudinem,
799 2044 841 2104 ut
858 2033 934 2126 illi,
963 2035 1026 2129 qui
1052 2034 1207 2103 arbores
1232 2031 1313 2103 illas
1339 2031 1588 2121 excortioent,
1624 2032 1728 2102 nullo
1754 2033 1964 2105 discrimine

263 2204 462 2283 utrumque
488 2187 668 2257 corticem
688 2185 727 2253 in
752 2180 946 2252 fasciculos
971 2180 1202 2274 redigentes,
1232 2182 1278 2251 ad
1303 2190 1451 2251 exteros
1478 2179 1626 2248 mittant
1639 2205 1650 2271 3
1677 2181 1864 2253 mitiorem
1884 2204 1964 2252 esse

265 2339 442 2424 Cassiam,
466 2335 586 2404 acrius
612 2332 914 2419 Cinnamomum,
942 2329 1012 2400 hoc
1039 2339 1161 2399 autem
1188 2328 1307 2398 rarius
1335 2328 1479 2417 advehi,
1511 2351 1644 2403 verum
1663 2329 1695 2399 si
1711 2330 1964 2423 promiscuum

266 2509 349 2553 cum
377 2483 501 2551 cassia
525 2480 750 2566 advehatur,
789 2500 864 2548 non
890 2501 970 2549 esse
996 2477 1066 2546 nisi
1092 2476 1144 2564 id,
1173 2477 1296 2570 quod
1321 2478 1384 2547 sit
1409 2478 1653 2549 admodum
1675 2474 1964 2572 tenue3'quod

266 2631 366 2700 enim
391 2627 598 2697 crassius
622 2626 734 2695 hodie
759 2623 971 2715 adferatur,
1001 2623 1196 2693 Cassiae
1221 2646 1300 2695 esse
1326 2648 1449 2718 genus.

365 2777 665 2864 Animadvertas',
692 2774 894 2846 Fuchsium
919 2777 989 2844 isto
1014 2774 1097 2844 loro
1122 2775 1196 2844 iam
1220 2775 1414 2868 utriusque
1440 2786 1477 2845 et
1497 2776 1644 2847 Cassiae
1668 2787 1705 2845 et
1728 2776 1964 2848 Cinnamomi

266 2925 412 2994 arboris
436 2936 513 2993 tam
538 2923 858 3012 affinitatem,
894 2944 1004 3013 quam
1038 2941 1167 2992 veram
1194 2929 1232 2988 et
1258 2919 1464 3011 specificam
1489 2923 1820 2998 diversitatem
1845 2947 1962 3017 agno-

265 3074 359 3145 visse
385 3073 667 3164 proximumque
692 3091 714 3135 a
739 3088 850 3155 scopo
876 3065 1061 3133 restitisse.

364 3216 407 3286 In
432 3187 820 3285 Lintschottenii
844 3208 965 3297 libro,
994 3211 1055 3301 qui
1084 3211 1319 3287 inscribiturt
1344 3211 1424 3282 Dte
1455 3214 1731 3287 orientatieche
1756 3218 1907 3306 Indien,
1926 3214 1964 3302 *J

268 3328 564 3433 Cinnamomi
590 3359 781 3450 utriusque
814 3352 878 3450 (id
905 3367 960 3425 est
986 3356 1162 3430 canellae
1189 3370 1227 3430 et
1252 3360 1509 3457 cinnamomi)
1541 3363 1696 3435 historia
1727 3366 1863 3459 optime
1900 3389 1964 3435 ex-

266 3511 440 3602 ponitur:
482 3507 687 3579 »Arborem
714 3528 792 3576 esse
817 3515 959 3573 statura
986 3502 1133 3597 Olivae,
1161 3505 1260 3578 foliis
1286 3508 1419 3599 Lauri,
1445 3509 1509 3580 sed
1534 3511 1658 3604 paullo
1683 3516 1961 3604 angustioribus.

268 3655 398 3724 Flores
426 3656 460 3724 ei
486 3677 564 3724 esse
590 3654 717 3742 albos,
758 3674 848 3745 quos
872 3650 1014 3721 fructus
1041 3663 1243 3747 sequantur
1269 3652 1454 3727 olivarum
1479 3656 1669 3749 nigrarum
1694 3648 1960 3754 magnitudine,

268 3804 390 3872 oleum
431 3803 664 3873 utilissimum
700 3802 929 3897 praebentes.
984 3798 1172 3905 corticem
1204 3803 1443 3894 interiorem,
1479 3804 1685 3877 detractum
1711 3808 1811 3879 etin
1845 3808 1963 3879 frusta

266 3951 444 4043 quadrata
469 3951 679 4044 dissectum,
707 3950 753 4021 ad
777 3949 894 4022 solem
919 3934 1088 4018 siccando
1115 3948 1257 4022 involvi
1281 3950 1319 4018 in
1338 3951 1461 4040 tubos,
1482 3949 1645 4020 colorem
1666 3953 1775 4024 etiam
1797 3955 1963 4028 nativum

266 4097 472 4168 albidum
507 4099 630 4169 calore
657 4102 696 4170 in
727 4097 890 4171 rufum
917 4101 1076 4192 mutari,
1116 4098 1178 4173 vel
1208 4100 1239 4170 si
1270 4098 1387 4173 nimio
1411 4098 1481 4168 soli
1515 4109 1744 4194 exponatur,
1790 4103 1898 4173 etiam
1921 4105 1961 4175 in

265 4245 562 4339 nigredinem
594 4249 720 4336 abire,
763 4248 854 4343 (qui
886 4257 972 4317 sunt
1011 4257 1088 4318 tres
1120 4245 1175 4315 illi
1201 4245 1367 4334 colores,
1413 4238 1445 4316 ax
1471 4247 1656 4319 veteribus
1693 4249 1838 4320 Cassiae
1873 4275 1960 4321 suae

265 4395 474 4491 adscripti),
516 4398 678 4468 radicem
714 4396 912 4490 camphora
941 4406 1095 4467 scatere.
1120 4433 1171 4449 -
1216 4395 1346 4465 Solum
1379 4396 1419 4466 id
1450 4395 1612 4467 fabulam
1651 4397 1817 4490 redolet,
1859 4403 1961 4496 quod

264 4543 459 4631 arborem,
495 4546 633 4614 cortica
660 4543 897 4631 denudatum,
926 4566 1053 4613 rursus
1079 4543 1151 4613 alio
1177 4564 1347 4637 novoque
1371 4543 1476 4614 indui
1500 4543 1729 4637 perhibetur.

361 4691 465 4759 Haec
492 4704 615 4763 autem
641 4692 790 4762 maioris
806 4691 1097 4762 momentisunt:
1129 4690 1229 4759 »Dte
1254 4690 1397 4778 certer,
1423 4692 1476 4760 da
1502 4692 1570 4761 cler
1597 4691 1757 4763 Zivnmet
1783 4695 1956 4785 waehset,

265 4837 313 4905 iat
338 4836 530 4927 Seylon,
558 4841 610 4910 da
635 4841 703 4910 der
728 4841 856 4909 metae
882 4839 962 4909 und
987 4837 1085 4908 berte
1112 4838 1273 4909 Zimmet
1297 4840 1440 4912 wacta
1465 4844 1550 4915 und·
1567 4845 1619 4914 da
1642 4869 1768 4937 ganza
1785 4845 1958 4914 Zimmet-

308 5151 334 5229 *l
357 5150 447 5213 Tom.
480 5152 536 5217 IV.
565 5174 597 5237 p.
617 5154 669 5238 49.
709 5150 840 5217 Prodite
869 5149 926 5213 hie
945 5142 1033 5213 liber
1053 5169 1140 5212 anno
1168 5149 1253 5234 1617.
