4470 6096
240 409 267 485 8

242 636 341 709 enim
352 632 468 707 refert
483 634 663 728 indigenis
678 627 754 731 ἅχυ
768 632 959 728 appellari,
978 655 1001 702 a
1016 632 1282 707 mercatoribus
1293 631 1551 712 Alexandrinis
1569 652 1690 713 autam
1700 640 1940 742 capream

242 785 321 857 Sub
340 785 476 876 altera,
504 806 598 880 quaa
622 780 802 877 sequitur,
833 781 980 851 Cassiae
1005 779 1158 876 propria
1182 782 1319 876 specie,
1345 786 1613 880 praestantiore
1640 812 1683 859 ea
1707 793 1939 887 maiorisque

237 935 401 1025 virtutis,
428 935 545 1027 nigra,
571 930 851 1027 purpurascenti
872 930 981 1002 aimul
1007 940 1046 1001 et
1070 952 1204 1019 crassa,
1232 952 1342 1023 quam
1365 931 1414 1002 ob
1439 903 1590 1003 odorem
1615 934 1764 1008 Rosea
1790 937 1941 1013 Gizir

220 1082 460 1178 ,appellatam
486 1104 565 1153 esse
599 1086 725 1170 docet,
764 1080 957 1173 Lignum
983 1080 1198 1152 rhodium
1224 1079 1340 1152 latere
1365 1083 1430 1153 rix
1454 1082 1647 1156 dubitabis.
1699 1087 1788 1160 Post
1812 1090 1939 1161 duas

239 1231 305 1300 hae
330 1231 468 1325 species
493 1230 644 1300 tertia
668 1209 778 1299 etiam
804 1225 988 1343 laudatar,
1017 1250 1132 1322 eaque
1150 1238 1225 1297 tam
1250 1228 1365 1300 odore
1392 1253 1502 1324 quam
1527 1256 1657 1327 sapore
1685 1237 1937 1312 cinnamomo

239 1403 333 1474 prae
357 1378 438 1449 aliis
458 1374 726 1473 simillima**),
754 1377 813 1446 cui
833 1375 1089 1471 Mosylitici
1113 1375 1268 1446 Blasti
1294 1399 1495 1469 cognomen
1519 1380 1728 1472 imponitur.
1754 1383 1937 1478 Reliquae
1973 1385 1975 1389 ’

238 1549 367 1597 omnes
391 1525 482 1600 viles
506 1526 655 1615 haberi,
689 1548 710 1593 e
739 1546 894 1617 quarum
922 1546 1078 1594 numero
1103 1523 1563 1619 unamsAphysemon
1589 1551 1681 1623 quae
1707 1531 1934 1626 appelletur,

236 1674 376 1768 nigram
409 1697 487 1743 esse
524 1685 561 1744 at
594 1673 832 1744 iniucundam
857 1674 1066 1768 corticeque
1091 1673 1196 1743 tenui
1220 1683 1284 1742 aut
1307 1674 1496 1744 interdum
1520 1676 1673 1767 rimoso,
1700 1677 1787 1748 alias
1804 1690 1936 1751 autem
1972 1644 1977 1653 Ι

234 1823 372 1917 species
406 1821 556 1895 viliores
591 1819 698 1889 Moto
742 1831 780 1890 et
820 1818 961 1889 Doroa
998 1817 1162 1890 vocitari.
1215 1817 1321 1889 Haeo
1354 1820 1400 1890 de
1435 1820 1559 1891 Cassia
1571 1849 1582 1913 3
1617 1845 1665 1893 ex
1697 1824 1827 1917 quibus
1854 1826 1937 1897 iam

235 1970 439 2063 colligitur,
475 1968 637 2037 Cassiam
656 1967 755 2035 illam
772 1966 1026 2056 secundam,
1052 1990 1122 2036 nec
1147 1986 1222 2035 non
1249 1974 1286 2034 et
1302 1966 1461 2058 tertiam,
1490 1964 1936 2063 Mosilytioumger·

233 2138 334 2187 men
359 2137 425 2184 seu
448 2112 620 2183 frondem
640 2124 820 2202 vocatam,
840 2113 1083 2183 Clunamomo
1103 2121 1231 2181 nostro
1251 2111 1422 2182 crassiori
1434 2113 1619 2205 proximas
1639 2137 1716 2184 esse
1728 2114 1933 2189 habendas.

336 2262 465 2354 Longe
492 2261 563 2331 alia
589 2273 710 2332 autem
736 2272 839 2349 sunt,
881 2283 974 2353 quae
1000 2261 1088 2351 Cap.
1121 2256 1217 2327 XIII
1251 2259 1300 2372 de
1339 2260 1581 2331 Cinnamomo
1607 2260 1742 2333 refert:
1768 2264 1936 2336 Praeci-

236 2431 345 2505 puam
372 2432 449 2477 esse
475 2431 553 2479 eam
581 2410 753 2499 speciem,
781 2430 874 2501 quae
900 2408 947 2478 ob
970 2406 1250 2479 similitudinem
1273 2410 1418 2479 Cassiae
1435 2411 1672 2505 mosyliticae‚
1692 2411 1931 2506 Mosylitis
1970 2432 1974 2439 '

233 2550 558 2648 nuncupetur***),
582 2552 716 2622 coloris
744 2553 875 2642 vinosi,
888 2576 909 2622 e
923 2553 1028 2644 nigro
1055 2554 1274 2647 cinereoque
1295 2556 1415 2646 mixti,
1435 2555 1598 2630 laeribus
1616 2557 1768 2649 baculis,
1786 2582 1954 2652 super-.

233 2698 315 2769 ficio
330 2721 470 2791 aequa,
497 2696 649 2766 ramulis
674 2696 854 2766 continuis
880 2691 1067 2789 (crebris)
1092 2699 1298 2791 praeditam
1323 2703 1607 2796 suavissimaque
1633 2704 1806 2795 olentem,
1840 2729 1930 2776 sen-

232 2849 297 2917 tiri
328 2857 452 2916 tamen
483 2867 664 2915 unacum
696 2843 835 2936 optimo
867 2842 932 2911 illo
958 2847 1184 2940 proprioque
1223 2847 1336 2917 odore
1370 2849 1508 2943 aliquid
1533 2848 1668 2918 Rutam
1697 2851 1838 2941 spirans
1869 2852 1931 2921 si·-

230 2993 366 3065 mileve
393 2991 669 3082 Cardamomis;
710 2991 849 3083 saporis
876 3012 953 3059 esse
988 2992 1082 3060 acris
1107 3001 1145 3060 et
1167 2951 1379 3084 pungentis,
1416 2986 1640 3087 subsalsique
1666 3017 1748 3063 cum
1775 2994 1926 3088 calore3

227 3143 326 3212 inter
349 3139 736 3232 Frangendumautem
763 3137 947 3206 fibrosam.
984 3136 1122 3204 Suadet
1145 3155 1260 3226 porro
1286 3135 1543 3225 Dioscorides,
1571 3138 1610 3206 in
1634 3138 1825 3230 probando
1850 3139 1927 3211 hoc

231 3290 476 3362 Cinnamomo
505 3288 640 3378 eligere
665 3286 906 3377 surculos,
936 3308 993 3356 ex
1017 3305 1106 3354 una
1132 3279 1296 3349 radice
1322 3289 1481 3371 ortos,
1510 3280 1649 3351 scilicet
1673 3305 1719 3351 ne
1736 3285 1926 3374 permixta

229 3435 402 3510 frustula
429 3435 617 3505 deteriora
651 3433 848 3525 meliorum
886 3432 993 3504 suavi
1028 3429 1144 3500 halitu
1171 3413 1395 3499 imbuantur.
1419 3462 1469 3483 ·-
1509 3428 1664 3498 Praeter
1694 3429 1764 3498 hoo
1795 3443 1924 3503 autern

227 3582 423 3653 alterum
471 3603 616 3674 quoque
668 3589 882 3650 recensetur
931 3578 1214 3648 cinnamomum
1249 3582 1486 3665 montanum,
1529 3594 1710 3668 crassum,
1748 3573 1920 3668 humile,

227 3852 591 3874 W

346 3999 424 4084 yion
451 4000 566 4084 πλήρη,
589 3997 744 4074 δηκτικὴν
764 3997 799 4062 ἐν
817 4002 862 4082 τῇ
877 3999 984 4082 γεύσει
1007 3994 1063 4058 καί
1078 3993 1279 4079 στύφουσαι)
1302 3990 1388 4079 μετὰ
1418 3991 1542 4065 πολλῆς
1570 3988 1758 4075 πυρώσεως,
1789 3989 1922 4075 ἀρωμα-

342 4114 523 4191 τίζουσαν,
543 4110 731 4187 οἰνίζουσαν
756 4120 800 4195 τῇ
821 4112 914 4193 ὀσμῇ.

297 4257 326 4333 Ἴ
347 4253 479 4317 Lauri
502 4250 683 4316 similitudo
701 4250 764 4312 iam
792 4259 863 4312 tum
884 4248 1039 4335 temporis
1065 4247 1216 4312 homines
1244 4270 1311 4311 non
1334 4248 1455 4333 effugit.

280 4372 323 4450 “l
344 4372 397 4436 Τὰ
423 4367 630 4454 βεβαιότατα
656 4364 874 4453 γνωρίσματα
897 4364 1110 4452 κινναμώμου
1138 4365 1196 4427 διὰ
1218 4370 1275 4440 τῆς
1301 4367 1436 4450 μείσείνς
1466 4388 1504 4430 τι
1534 4368 1590 4429 καὶ
1619 4366 1805 4454 ὀσφρήσεως
1828 4368 1919 4448 rarsi·

355 4506 445 4568 μενα.
650 4456 654 4464 .

257 4601 318 4681 aas)
338 4601 374 4663 L.
397 4622 424 4662 c.
448 4600 666 4685 Κιννάμαμον
688 4630 730 4651 -·
752 4633 794 4648 -
823 4610 867 4682 τῇ
885 4604 968 4683 χροᾴ
1002 4596 1115 4681 μέλαν,
1143 4597 1302 4685 τεφρίζον
1327 4598 1362 4662 ἐν
1388 4603 1436 4682 τῷ
1457 4596 1601 4674 οίνώδει,
1637 4597 1761 4660 λεπτὸν
1788 4595 1823 4657 dl
1847 4610 1923 4673 τοῖς

340 4715 486 4800 putidiore
517 4718 576 4778 καί
596 4718 705 4781 λεῖον·
730 4716 813 4792 ὄζοις
838 4715 993 4799 συνεχέσι
1016 4715 1226 4798 κεχρημένον,
1257 4713 1393 4798 σφόδρα
1424 4714 1543 4788 εὐῶδες·
1571 4746 1614 4764 -
1650 4713 1832 4798 depinxerat
1856 4716 1922 4802 γὰρ

340 4833 427 4917 μετὰ
455 4840 519 4896 τοῦ
543 4833 684 4906 ἀρίστου
726 4831 784 4894 καί
814 4829 996 4907 ίδιαίζοντος
1024 4833 1044 4904 ἥ
1081 4830 1164 4913 ὀσμὴ
1199 4830 1447 4914 πηγανίζονσα,
1484 4829 1505 4905 ἥ
1535 4829 1740 4917 καρδαμόρρερ
1772 4829 1922 4915 ἐμφερὴς,

341 4951 393 5011 ἔτι
427 4951 485 5013 καὶ
510 4951 608 5035 δριμὺ
634 4949 693 5013 καὶ
727 4948 883 5026 δηκτικὸν
915 4957 964 5031 τρῖ
989 4948 1096 5032 γεύσει
1119 4945 1178 5009 καί
1205 4942 1433 5034 ίφαλμνρίζαν
1461 4947 1548 5032 μετὰ
1575 4944 1777 5032 θερμασίας,
1805 4947 1865 5010 καί
1885 4950 1922 5016 tv

338 5075 387 5152 τῷ
411 5067 600 5159 ἱεραί-εσθαι
626 5066 774 5152 χνοῶδεξ.
