4470 6096
520 686 753 756 cinnamomi
777 688 917 759 fructus
943 689 1150 776 immaturi,
1190 691 1253 782 qui
1277 688 1425 760 nomine
1452 689 1642 761 Florum
1669 686 1860 795 Cassiae
1891 688 1930 755 in
1958 685 2117 758 officinis

417 842 597 925 prostant,
627 831 843 906 Marshallio
869 848 961 908 testo
987 838 1025 906 in
1051 836 1225 929 Zeylonia
1249 859 1340 906 non
1367 808 1591 929 colliguntur
1601 866 1612 931 3
1639 861 1747 932 quarn
1769 834 1815 903 ob
1833 806 1915 903 rem
1931 834 2019 903 istos
2035 832 2116 903 fru-

418 992 497 1050 ctus
524 981 568 1084 L.
596 981 842 1074 Cinnamomi‚
871 1009 938 1055 nec
964 986 1009 1054 L.
1037 984 1183 1053 Cassiae
1208 1007 1301 1073 esse,
1331 984 1429 1076 quod
1454 985 1652 1077 scriptores
1678 984 1819 1075 aliquot
1844 970 1969 1065 rerum
1995 981 2115 1074 phar-

420 1108 707 1195 maceutica'rum
740 1118 981 1199 recentissimi
1015 1131 1233 1224 perhibent,
1275 1153 1344 1222 pro
1375 1141 1478 1199 certo
1511 1130 1639 1223 nequit
1673 1129 1861 1199 affirmari.
1913 1127 2115 1198 Praeterea
2159 1228 2163 1233 -

418 1274 527 1343 flores
545 1274 691 1342 Cassiae
718 1276 862 1348 venales
888 1302 911 1344 a
934 1276 1114 1349 fructibus
1140 1278 1359 1349 iuvenilibus
1371 1329 1392 1366 „
1423 1301 1514 1369 quos
1534 1277 1572 1345 in
1593 1276 1727 1344 nostris
1740 1274 1863 1343 'Lauri
1879 1272 2115 1344 Cinnamomi

417 1421 674 1511 speciminibus
700 1422 951 1512 observamus,
981 1435 1018 1493 et
1042 1425 1088 1493 ab
1114 1424 1157 1492 iis
1173 1424 1286 1493 Lauri
1304 1424 1465 1513 Cassiae,
1494 1422 1628 1515 cupula
1652 1443 1766 1513 parra
1791 1420 1871 1492 fere
1896 1419 2049 1513 globosa
2074 1433 2115 1491 et

416 1569 582 1657 margine
617 1571 759 1661 integra
793 1593 901 1661 quam
938 1573 1095 1641 maxime
1127 1573 1314 1642 recedunt.
1340 1606 1389 1627 -·
1439 1570 1556 1639 Nobis
1582 1582 1711 1638 contra
1731 1591 1774 1636 ea
1793 1534 2114 1641 verosimillimum

349 1719 351 1722 ’
419 1715 580 1804 videtur,
609 1715 737 1784 Flores
764 1718 911 1786 Cassiae
938 1740 960 1783 a
984 1717 1111 1787 Lauro
1139 1717 1371 1789 Melabathro
1398 1717 1441 1785 L.
1470 1718 1648 1809 originem
1674 1738 1776 1786 suam
1800 1680 1969 1805 trahere,
2012 1712 2114 1806 quod

417 1859 489 1927 iam
516 1863 554 1929 in
590 1862 886 1931 antecedentibus
922 1863 1173 1936 indicavimus.

459 2011 462 2015 .
512 2035 550 2103 Si
577 2037 623 2105 ad
649 2048 815 2128 tempora
841 2037 917 2124 illa,
946 2038 1077 2131 quibus
1104 2038 1252 2129 lagerus
1279 2050 1316 2108 et
1342 2037 1553 2126 Goellerus,
1583 2039 1864 2107 commentarios
1890 2056 1988 2120 suos,
2016 2056 2113 2127 quo·

411 2156 498 2250 ‘rum
541 2207 652 2274 supra
689 2185 828 2253 mentio
871 2184 967 2254 sacta
1009 2198 1087 2273 est,
1137 2188 1439 2275 conscribentes,
1480 2188 1641 2278 primum
1673 2184 1778 2252 nobis
1815 2195 1852 2250 et
1884 2179 2035 2249 certiori
2074 2190 2115 2248 et

416 2328 527 2418 nragis
566 2331 677 2399 ctiam
721 2330 926 2421 sufficiente
971 2331 1151 2402 relatione
1195 2334 1345 2402 modum
1384 2332 1662 2404 decorticandae
1704 2327 1848 2399 artioris
1887 2349 2111 2420 exposuere,
2195 2360 2209 2379 ·

337 2510 343 2516 -
414 2476 654 2566 respicimus,
694 2476 795 2559 nulla
819 2477 986 2547 culturae
1013 2479 1157 2547 arboris
1183 2476 1510 2548 cinnamomiferae
1539 2476 1689 2566 vestigia
1715 2484 1923 2543 occurrunt.
1976 2472 2114 2566 Zeylo·
2206 2494 2213 2499 ·

413 2643 557 2709 nenses,
580 2622 680 2690 iussu
705 2635 742 2691 et
766 2626 968 2696 directione
989 2628 1212 2698 Batavorum
1238 2626 1275 2693 in
1296 2625 1502 2717 colligendo
1521 2626 1750 2728 cinnamomo
1778 2621 1956 2712 occupati,
1974 2618 2115 2689 Seleia·

415 2768 489 2839 lias
518 2769 572 2838 ibi
604 2771 801 2860 nominati,
838 2775 884 2841 ad
917 2773 1193 2843 decorticandae
1226 2773 1379 2841 arbores
1412 2770 1597 2841 silvestres
1629 2770 1685 2840 bis
1718 2790 1786 2861 per
1819 2789 1955 2836 annum
1989 2776 2113 2837 rastas

411 2882 554 2984 insulae
579 2914 688 2987 silvas
713 2919 987 3010 permigrabant
1006 2917 1057 3013 ⁴¹),
1086 2919 1185 2988 unde
1204 2943 1277 2988 non
1298 2941 1385 2988 raro
1404 2917 1571 3009 contigit,
1601 2914 1700 3009 quod
1725 2912 1987 3003 Thunbcrgius
2011 2936 2110 2982 nar-

413 3071 486 3150 rat,
522 3073 563 3130 ut
589 3062 679 3131 tales
706 3066 881 3155 operarii,
910 3064 998 3134 fines
1025 3066 1117 3155 agri,
1146 3065 1323 3135 Societati
1348 3064 1474 3134 lndiae
1501 3060 1688 3134 orientalis
1713 3060 1880 3147 subiecti,
1910 3034 2112 3150 transgres-

412 3208 442 3272 si
469 3218 504 3274 et
523 3209 626 3275 intra·
644 3207 778 3275 limites
805 3208 913 3300 Regis
941 3211 1104 3277 Candiae
1129 3210 1318 3300 prehensi,
1335 3208 1484 3276 auribus
1506 3228 1669 3296 nasoque
1687 3205 1844 3274 mutilati
1868 3207 2116 3275 remitteren-

413 3364 486 3419 tur.
547 3353 624 3420 Sub
665 3351 772 3421 linem
817 3354 952 3421 saeculi
993 3354 1127 3421 decimi
1167 3355 1286 3424 octavi
1318 3350 1424 3423 'iussu
1456 3353 1589 3423 summi
1624 3351 1765 3422 insulae
1806 3352 2015 3441 Praefecti,
2061 3350 2112 3418 D.

410 3500 496 3585 nob.
524 3499 569 3567 dc
592 3498 696 3588 Falk,
725 3502 877 3570 arbores
899 3499 1223 3570 cinnamomiferae
1247 3500 1285 3569 in
1310 3499 1406 3591 solo,
1434 3501 1481 3569 ad
1505 3500 1601 3569 hanc
1627 3498 1808 3571 culturam
1836 3509 1934 3593 apto,
1962 3497 2114 3567 conseri

414 3757 720 3771 ψ

448 3960 474 4033 *l
497 3956 686 4018 Secundum
704 3957 895 4041 fagorum
919 3959 1135 4022 Schialiac
1156 3960 1221 4038 isti,
1239 3983 1297 4025 sau
1312 3962 1510 4026 cinnamomi
1529 3960 1751 4044 deglubitorcs
1767 3955 1925 4039 indigeni,
1941 3952 2113 4037 propriam

530 4073 701 4134 hominum
718 4075 839 4134 tribum
856 4096 872 4135 c
889 4076 1063 4137 vilioribus
1080 4077 1215 4157 quidem
1232 4078 1265 4137 in
1286 4079 1442 4160 chlonia
1457 4077 1678 4140 constituunt:
1708 4073 1888 4156 »regiones,
1910 4090 1990 4151 quas
2009 4067 2112 4152 inhu-

527 4189 644 4267 bitant,
661 4190 821 4250 Malrbade
834 4191 956 4269 vocari,
970 4191 1180 4252 Praefectum
1194 4191 1394 4274 indigenam,
1408 4190 1462 4251 cui
1474 4190 1613 4252 subiecti
1627 4190 1703 4266 sint,
1718 4180 1902 4249 Modcliaar
1915 4180 2109 4267 appellari«

529 4306 618 4368 Idem
645 4314 759 4366 auctor
786 4307 909 4384 refert,
945 4313 1091 4389 temporo
1114 4304 1225 4367 messis
1246 4303 1444 4367 cinnamomi
1465 4304 1617 4383 maioris,
1652 4281 1733 4365 tunc
1757 4299 1913 4383 temporis
1939 4296 2112 4379 mensibus

530 4421 616 4483 lulio
639 4430 672 4482 ct
697 4442 787 4503 seqq.
813 4420 1058 4499 instituendae,
1090 4423 1249 4500 eoo-doe
1272 4422 1401 4506 saepius
1424 4422 1595 4484 hominnm
1615 4421 1752 4483 istorum
1767 4416 1807 4478 ad
1834 4415 1961 4477 labores
1981 4432 2111 4499 proro-

527 4537 612 4615 cari,
657 4560 778 4620 cosque
808 4539 979 4600 Praefecto
1011 4539 1188 4623 superiori,
1227 4539 1480 4622 (deglubitorum
1511 4537 1689 4621 Capitoneo
1719 4533 1843 4613 dicto),
1878 4528 2022 4590 militum
2044 4527 2112 4589 ali-

528 4661 609 4735 quot
623 4654 830 4714 dccuriarnm
847 4655 1011 4738 pracsidio
1025 4656 1262 4734 subordinatos,
1282 4656 1451 4740 nogotium
1470 4654 1582 4716 messis
1597 4671 1764 4736 peragere,
1782 4647 1822 4707 in'
1833 4667 1899 4728 quo
1918 4642 2112 4707 exercendo

528 4767 581 4830 isti
601 4789 667 4828 non
684 4789 757 4828 raro
775 4768 1024 4852 elephantorum
1041 4769 1164 4855 impe-tu
1181 4783 1355 4851 nocturno,
1378 4793 1440 4833 noc
1460 4793 1526 4831 non
1545 4767 1748 4843 hirudinum,
1773 4762 1892 4846 quibus
1910 4756 2012 4822 silvae
2028 4757 2111 4822 illae

527 4883 813 4944 cirrnamomifcrae
837 4893 980 4963 scatent,
1009 4896 1100 4968 peste
1126 4898 1299 4950 vexentur.
1342 4887 1439 4966 Quod
1459 4893 1628 4969 praetcrea
1651 4890 1764 4941 auctor
1786 4876 1936 4938 laudatus
1957 4892 2109 4936 comme·

526 5008 640 5077 morat,
661 5007 743 5061 totas
770 5000 900 5063 arbores
917 5001 1129 5081 decorticari,
1163 5004 1375 5065 decorticatas
1391 5009 1499 5063 aulem
1522 5018 1609 5061 novo
1632 4993 1779 5057 investiri
1802 4990 1935 5068 cortice,
1957 4988 1993 5051 id
2014 4989 2109 5051 ulte·

527 5115 608 5176 riori
633 5137 698 5176 non
722 5126 794 5200 eget
821 5117 1027 5178 refutatione.
