4470 6096
1915 389 1964 452 111

263 627 360 697 ceria
387 624 606 710 decussatum
632 617 780 687 nutriat.
818 612 992 706 Sequitur
1017 607 1111 680 hanc
1136 607 1174 676 in
1202 605 1332 678 codena
1358 599 1478 675 latere
1504 604 1659 676 altera
1683 605 1810 698 sectio,
1838 606 1961 677 Cam·

264 788 512 886 panuleas,
559 776 896 866 Lobeliaceas,
941 772 1343 862 Cucurbitaceas,
1388 769 1827 866 Cynarocephulas,
1868 770 1957 841 Eu·

267 953 565 1049 patorineas,
619 943 999 1028 Vennoniaccas,
1060 933 1279 1026 Inuleas,
1332 932 1961 1025 Asteres,·Senocionides
2018 998 2032 1021 ,

267 1116 536 1210 complectens,
575 1133 684 1203 quam
717 1130 804 1178 mor
832 1105 987 1174 tertia
1019 1103 1151 1193 sectio,
1203 1102 1445 1196 quadrantem
1484 1101 1565 1172 fero
1611 1101 1740 1172 circuli
1773 1102 1959 1196 referens,

267 1282 425 1375 excipit,
469 1273 901 1371 corymbiferarum
935 1269 1080 1363 reliquo
1118 1266 1277 1362 agmini,
1314 1262 1745 1362 (Helianthaocis,
1788 1265 1964 1338 Anthe-

270 1444 475 1520 rnidibus
502 1439 598 1536 etc.)
634 1439 834 1532 adscripta3
873 1435 1060 1506 adduntur
1093 1434 1294 1528 angustiori
1319 1434 1481 1526 circulo,
1519 1435 1699 1504 interiora
1725 1457 1852 1508 versus
1878 1437 1962 1506 col-

271 1606 717 1700 lactac„Aggrogatae
744 1620 872 1673 omnes
897 1623 940 1670 ac
963 1599 1300 1672 Valerianeae.

360 1777 472 1871 ‚Hinc
498 1776 545 1846 ad
570 1773 726 1844 alterum
750 1769 845 1840 latus
871 1756 1136 1860 transgressus,
1185 1769 1365 1862 aedesque
1395 1790 1415 1838 o
1443 1769 1504 1843 via
1529 1769 1650 1838 media
1687 1789 1826 1875 rursus·
1846 1768 1968 1862 respi-

272 1946 392 2032 ciens,
444 1945 481 2012 in
522 1949 687 2009 extrema
722 1934 831 2004 huius
870 1932 994 2002 lateris
1032 1932 1193 2002 sectione
1234 1942 1403 2020 arcuata,
1455 1932 1501 2000 ad
1537 1931 1756 2002 ambulantis
1775 2010 1779 2015 ,
1799 1933 1966 2002 dextram

274 2104 654 2198 compositarum
680 2098 858 2169 familiam
883 2097 1086 2190 conspicis,
1130 2091 1528 2163 Cichoracearum
1554 2116 1664 2187 grege
1691 2095 1880 2187 ‘clausam,
1918 2096 1967 2165 ad

276 2291 385 2362 quam
412 2265 589 2336 accedunt
615 2262 896 2354 Rubiaceae,
940 2260 1159 2330 interiorem
1195 2266 1414 2350 occupantes
1445 2258 1648 2348 circulum,
1688 2260 1753 2329 ubi
1779 2283 1827 2329 ex
1852 2259 1968 2330 altera

275 2443 379 2526 purte
406 2455 488 2500 cum
521 2427 825 2500 Globulariis
864 2425 1152 2520 Aggregatae
1178 2420 1368 2510 habitant,
1409 2419 1465 2490 uti
1500 2421 1737 2492 iamdictam
1765 2434 1838 2513 est,
1870 2422 1969 2495 Va-

248 2594 600 2687 ·lerianae'que.
652 2592 772 2663 Sectio
805 2591 996 2686 proxima,
1039 2612 1133 2684 quae
1166 2588 1321 2659 modia
1354 2598 1408 2656 est
1433 2587 1541 2658 huius
1568 2590 1745 2682 regionis,
1777 2589 1968 2662 Aralia-

277 2782 384 2830 oeus
411 2773 447 2831 et
472 2757 817 2832 Umbelliferas
848 2756 1015 2851 profert,
1051 2777 1165 2850 porro
1199 2751 1526 2847 Saxifrageas,
1555 2755 1966 2848 Euphorbiace'as,

277 2924 534 3015 Rutaceaa,
570 2903 897 3012 Fraxiucllas,
933 2921 1164 3012 Ouagras,
1213 2918 1488 3008 Salicarias,
1529 2920 1823 3015 Siliquosas,
1871 2924 1967 2992 Fu-

277 3085 568 3171 mariaceas,
611 3082 935 3173 Papavereus,
980 3077 1349 3172 Podophyllcas,
1391 3080 1734 3155 Ranunculeus.
1794 3085 1969 3157 Tertia
2072 3176 2079 3189 .

278 3246 435 3340 denique
460 3244 597 3332 sectio,
627 3265 721 3336 quae
746 3242 897 3312 aedibus
925 3254 980 3311 est
1006 3264 1053 3312 ex
1077 3241 1147 3312 ista
1170 3255 1277 3335 parte
1304 3247 1531 3342 propinqua,
1562 3249 1851 3344 Polygaleis,
1879 3231 1969 3325 Lc-

277 3408 542 3502 gumiuosis,
571 3405 901 3501 Hypericinis,
930 3374 1244 3499 Resedacoir,
1282 3410 1528 3507 Geraniis,
1566 3417 1819 3510 Cistineis,
1856 3419 1967 3490 Mal-

279 3573 462 3661 vaceis,
509 3569 814 3661 Oxalidibus,
870 3569 1075 3661 Violeis,
1124 3572 1515 3672 Caryophyllcis,
1559 3582 1744 3673 Lineis,
1793 3583 1967 3655 Portu-

279 3738 455 3827 laccic,
494 3735 826 3807 Crassuluoeis
858 3734 1182 3832 Rosaceisque
1208 3742 1369 3828 consita,
1407 3742 1626 3815 nobiliorem
1654 3743 1789 3816 ilatum
1815 3749 1968 3842 stirpem

281 3903 327 3972 ab
351 3901 564 3996 ignobiliori
589 3903 669 3975 riae
694 3902 908 3974 interiectae
935 3901 1034 3971 haud
1059 3902 1282 3993 amplissimo
1308 3905 1426 3996 spatio
1453 3907 1648 3978 discretam
1676 3910 1841 3980 ostendit.

381 4067 630 4162 Quaecunque
666 4088 798 4163 aquam
831 4066 1023 4162 solumque
1058 4067 1173 4138 udum
1212 4091 1254 4138 ac
1280 4069 1499 4164 paludosum
1523 4077 1669 4163 amant,
1713 4075 1817 4146 sicuti
1845 4077 1969 4148 Scir-

281 4231 672 4327 peac,1unceae,
717 4232 940 4327 Naiadas,
990 4233 1414 4331 Hydrocharides,
1455 4190 1791 4333 Poly·goneae,
1828 4242 1969 4337 Nym-

282 4360 567 4492 plaaeacaae,
613 4378 683 4472 luae
707 4401 851 4496 plantae
875 4403 1106 4496 promiscue,
1152 4413 1284 4473 natura
1308 4400 1386 4498 i‘psa
1411 4402 1529 4497 legem
1555 4406 1764 4495 scribente,
1809 4380 1967 4480 mediam

283 4575 470 4636 extremae
494 4564 615 4637 fossae
640 4567 783 4661 ripam,
811 4568 887 4637 leni
912 4569 1120 4642 devexitate
1145 4568 1191 4638 ad
1216 4567 1349 4664 aquam
1374 4570 1678 4662 descendentem,
1706 4577 1828 4666 varia,
1856 4588 1968 4669 prout

281 4730 420 4822 species
446 4753 611 4826 quaeque
636 4731 821 4828 postulat,
851 4732 1043 4805 altitudine
1067 4735 1261 4827 incolunt,
1289 4735 1349 4810 rel
1374 4738 1420 4806 ad
1445 4736 1676 4831 superficiem
1702 4764 1817 4835 aquae
1843 4751 1970 4812 natant

281 4884 470 4987 vitantque
494 4894 596 4986 pulos
622 4906 660 4968 et
684 4895 818 4990 scalpri
843 4898 1011 4971 vulnera.
1060 4901 1255 4979 Eiusmodi
1289 4916 1373 4974 aunt
1407 4916 1444 4976 ct
1470 4904 1563 4976 aliae
1591 4907 1766 5002 quaedam
1792 4906 1969 5000 familiae,

269 5032 316 5128 r.
342 5081 375 5150 g.
403 5028 896 5137 eistearumffionnultae
923 5075 959 5136 et
988 5066 1284 5166 Ericearum,
1325 5096 1418 5167 quaa
1442 5076 1582 5169 ,stirpes
1608 5074 1654 5144 ad
1680 5075 1844 5147 arboreti
1868 5098 1972 5147 mar-
