4470 6096
1802 445 1864 527 bu

155 688 393 771 cinnamomi
431 710 452 758 e
492 687 718 807 nylonia
764 687 811 756 in
855 685 1039 756 hortum
1083 684 1398 758 Calcuttanurn
1445 682 1598 759 illatas
1647 677 1774 757 refert,
1815 689 1853 748 et

135 843 273 913 lianc
296 837 498 910 insulam
525 833 601 906 illi
625 834 770 905 solam
796 835 998 928 patriam
1030 833 1251 925 designat.

254 985 300 1057 ln
324 984 413 1055 lava
436 982 557 1053 insula
587 982 721 1053 nostris
746 982 976 1075 temporibus
1002 946 1143 1050 nullum
1171 979 1452 1050 cinnamomum
1479 974 1687 1067 colligitur,
1725 975 1781 1042 uti
1807 995 1853 1047 ex

157 1156 286 1228 opere,
304 1131 405 1227 quod
429 1129 660 1199 inscribitur:
687 1129 852 1218 History
873 1128 924 1217 of
935 1128 1034 1217 litua
1052 1125 1102 1217 hy
1130 1125 1411 1232 ThrStamjord
1428 1124 1591 1218 Rafflea,
1608 1121 1697 1214 Ean.
1718 1119 1803 1191 Vol.
1823 1144 1853 1188 r.

161 1283 271 1371 1817.
310 1277 554 1371 comperimus
581 1271 627 1368 ¹⁸).
686 1273 786 1342 Huic
824 1297 1030 1368 repugnare
1062 1275 1181 1349 videri
1213 1285 1384 1367 possent,
1428 1294 1520 1364 quae
1555 1269 1643 1340 olim
1677 1293 1698 1337 a
1730 1270 1855 1362 multis
1922 1282 1929 1293 “

156 1378 417 1521 scriptoribus:
443 1448 479 1495 v.
494 1445 547 1525 gr.
567 1407 768 1510 Manardo,
786 1419 937 1512 Garcia,
955 1422 1101 1510 Obicio,
1118 1421 1272 1514 aliisque
1299 1422 1344 1488 de
1361 1419 1623 1505 cinnamomo,
1643 1440 1666 1486 e
1683 1391 1768 1488 lava
1794 1420 1857 1487 in-

160 1573 239 1643 sula
268 1595 392 1643 merce
417 1569 553 1660 delato,
585 1567 721 1641 tradita
745 1579 853 1659 sunt3
884 1571 949 1639 scd
976 1572 1146 1664 quoniam
1175 1568 1291 1663 ligura
1317 1568 1461 1638 arboris
1485 1566 1589 1636 istius
1614 1568 1857 1636 cinnamomi-

158 1720 264 1791 teras
299 1718 530 1806 Iaraneusis,
565 1740 587 1785 a
617 1715 915 1819 binucltottenio
932 1713 1005 1811 **),
1039 1728 1239 1811 posteaque
1271 1740 1293 1784 a
1318 1715 1560 1786 Pluckenetio
1586 1709 1656 1807 ***)
1680 1713 1856 1801 exbibita,

162 1868 273 1939 aliam
297 1887 464 1960 prorsus,
494 1885 645 1957 eamque
672 1864 735 1934 vix
760 1862 875 1931 Lauri
901 1862 1046 1954 generis
1071 1865 1245 1955 speciem,
1274 1861 1478 1953 siguificare
1497 1862 1651 1967 'videtur
1668 1865 1719 1954 t),
1749 1883 1858 1933 vero·

157 2011 282 2085 simile
305 2022 383 2100 est,
416 2012 522 2080 usurn
548 2009 656 2079 huius
683 2007 918 2079 cinnamomi
942 2008 1118 2081 silvestris
1144 2035 1165 2079 a
1191 2010 1459 2115 recentioribus
1484 2032 1561 2080 esse
1584 2009 1795 2100 neglectum
1822 2022 1859 2079 et

158 2182 236 2233 uua
260 2184 343 2231 rum
368 2181 413 2228 co
440 2159 550 2227 etiam
583 2158 799 2228 memoriam
831 2158 936 2227 istius
967 2158 1112 2228 arboris
1139 2158 1282 2252 penitus
1317 2159 1511 2228 interiisse.

262 2308 561 2393 cinnamomum,
590 2306 689 2398 quod
713 2328 761 2376 ex
787 2306 1000 2396 arboribus,
1030 2304 1252 2377 inAmerica
1276 2329 1374 2376 nunc
1399 2306 1507 2376 cultis
1522 2304 1596 2401 ἢ),
1622 2329 1644 2374 a
1664 2307 1860 2400 Cayepnae

161 2456 331 2551 emporio
357 2437 574 2547 accipimus,
616 2452 752 2544 partim
778 2477 922 2523 merum
949 2454 995 2523 L.
1024 2453 1258 2525 Cinnamomi
1284 2455 1481 2543 corticem,
1515 2455 1648 2546 partim
1681 2465 1723 2524 ut
1747 2476 1861 2546 genus

162 2600 346 2689 alterum·
366 2602 610 2671 cinnamomo
626 2611 754 2672 nostro
769 2601 892 2696 indico
909 2602 1098 2692 accedens,
1125 2601 1300 2671 corticem
1317 2601 1361 2671 L.
1382 2601 1532 2671 Cassiae
1549 2601 1633 2671 Lin.
1654 2625 1754 2701 esse,
1782 2612 1862 2671 sta-

161 2760 271 2817 tuere
296 2749 393 2819 licet.
443 2747 502 2817 Dc
520 2748 728 2838 arboribus,
757 2750 1025 2820 cinnamomum
1040 2749 1320 2843 praebentibus,
1349 2772 1441 2843 quae
1458 2751 1496 2819 in
1512 2750 1697 2834 Sumatra,
1719 2750 1757 2819 in
1771 2755 1863 2819 Bor·

163 2918 237 2967 neo
272 2906 311 2965 et
341 2897 380 2964 in
417 2895 545 2965 insulis
572 2898 792 2992 Philippinis
828 2905 1049 2985 occurrunt,
1084 2895 1136 2964 nil
1164 2899 1256 2967 certi
1282 2909 1432 2967 constat.
1483 2897 1527 2966 In
1554 2896 1721 2967 hlsuritii
1746 2899 1864 2968 insula
1965 2991 1973 2998 .

163 3042 312 3113 Laurus
339 3044 636 3135 Cinnamomum,
664 3069 684 3114 e
709 3046 820 3115 horto
847 3045 1017 3113 butanica
1038 3043 1256 3113 Calcuttano
1282 3043 1403 3135 allata,
1434 3045 1568 3115 colitur
1583 3045 1673 3142 τῆ).
1726 3047 1863 3115 Caete-

165 3212 251 3261 rum
284 3189 401 3259 insuta
436 3174 611 3281 Z‘eylonia
642 3211 790 3280 semper
824 3193 1003 3260 aromatis
1036 3193 1154 3260 nostri
1190 3195 1493 3284 praestantissimi
1517 3195 1636 3287 patria
1661 3195 1735 3265 crit
1759 3194 1862 3263 salu-

163 3336 296 3425 tanda,
322 3335 387 3405 ubi
421 3345 457 3403 et
490 3337 528 3403 in
559 3334 767 3427 colligendo
799 3349 838 3407 et
861 3339 901 3408 ia
928 3339 1082 3409 colendo
1110 3340 1352 3411 Cinnamomo
1378 3341 1508 3417 Batavi
1533 3343 1740 3437 quondam,
1768 3364 1866 3414 nunc

164 3480 290 3575 Angli,
328 3506 509 3554 summam
541 3508 666 3556 curam
701 3497 810 3579 atque
834 3487 1055 3557 industriam
1082 3489 1340 3565 adhibuerunt.
1437 3520 1442 3537 ¹

164 3644 454 3665 §nn———n—nn

207 3734 238 3806 ⁹)
258 3734 349 3829 Naue
370 3735 412 3819 of
420 3739 509 3798 what
524 3761 578 3800 are
598 3740 705 3801 called
722 3740 876 3824 thefiuer
892 3718 1162 3828 hiadsosipicer,
1182 3746 1309 3824 namrly
1323 3748 1373 3806 the
1390 3761 1529 3827 uutmrg,
1555 3748 1660 3823 cloria,
1685 3751 1754 3812 and
1774 3753 1810 3811 ci
1819 3774 1865 3813 n·

293 3873 456 3932 namon,
479 3876 533 3914 are
556 3855 744 3935 indigetibus
764 3871 796 3917 to
810 3858 892 3917 lava
903 3883 914 3925 ;
939 3858 993 3917 hut
1015 3861 1066 3918 the
1075 3860 1150 3941 fetu
1169 3876 1264 3934 trees,
1286 3863 1395 3922 which
1417 3865 1498 3923 have
1518 3865 1594 3926 been
1608 3864 1748 3947 planted
1763 3869 1795 3926 in
1813 3870 1864 3927 the

291 3968 430 4048 garriens
455 3968 499 4051 os
512 3970 712 4057 Europeans,
738 3975 819 4037 hauc
837 3975 966 4053 thriucu
988 3974 1067 4034 well
1078 4003 1088 4035 .·
1114 3976 1182 4035 aud
1194 3976 1286 4059 from
1310 3981 1360 4039 the
1382 3992 1493 4040 nature
1517 3977 1561 4060 os
1574 3980 1627 4041 the
1643 3983 1708 4042 soil
1722 3983 1791 4043 and
1803 3984 1865 4043 cli-

289 4098 383 4163 mate,
412 4090 499 4148 there
517 4109 615 4149 seems
636 4088 719 4150 little
742 4090 862 4163 doubt,
897 4092 965 4151 that
982 4092 1032 4153 the
1051 4092 1264 4173 nutmegand
1281 4097 1387 4169 clave,
1413 4101 1447 4157 ia
1471 4096 1673 4182 particular,
1704 4101 1803 4179 might
1826 4100 1862 4160 hc

291 4203 495 4281 extensiuely
511 4204 690 4266 cultivated
710 4207 903 4288 throughout
926 4209 978 4268 the
993 4209 1114 4281 island,
1138 4209 1239 4271 didit
1260 4215 1322 4272 suit
1346 4216 1398 4274 the
1419 4216 1532 4297 poliqr
1554 4214 1597 4297 as
1616 4218 1667 4276 the
1690 4216 1863 4300 Europcan

272 4312 515 4421 'goaernemcnt
544 4336 576 4381 to
599 4321 701 4393 admit
728 4324 774 4416 ⁰s.
787 4327 873 4386 their
893 4328 1024 4405 general
1044 4311 1263 4391 intrudention
1293 4330 1314 4390 l.
1337 4351 1364 4392 c.
1391 4354 1423 4415 p.
1441 4334 1491 4410 hh.
1543 4333 1740 4395 Conscratur
1770 4335 1867 4396 ctiam

295 4430 473 4517 Crawsurtl
490 4436 576 4496 Hirr.
595 4436 697 4520 ofthe
720 4438 794 4499 Iud.
814 4441 946 4525 Archip.
976 4442 998 4501 Ι.
1016 4463 1044 4500 c.

161 4588 164 4593 ·
228 4572 273 4651 “t
296 4572 526 4638 Orientalische
549 4576 673 4639 hulicn.
715 4580 754 4641 V.
771 4581 802 4655 4.
824 4600 854 4662 p.
877 4578 927 4642 50.
950 4580 1013 4642 tub.
1035 4603 1079 4662 ις.

125 4692 129 4697 ”
212 4712 274 4792 aaa)
294 4712 549 4800 Phytographia,
578 4717 641 4778 tub.
669 4719 715 4780 13.
745 4720 769 4779 s.
789 4718 817 4780 3.

234 4858 270 4934 ¹1¹)
293 4855 379 4919 Vide
399 4856 498 4947 infra.

207 4996 269 5075 st)
291 4994 329 5057 A.
355 4997 443 5078 1785.
466 4998 530 5059 tria
550 4998 652 5060 millia
673 5001 826 5066 arborum
844 5026 862 5067 e
886 5002 1043 5085 Zoylonia
1064 5003 1099 5067 in
1128 5006 1272 5070 Insulam
1288 5010 1447 5074 Francius
1471 5014 1643 5075 translatae
1661 5022 1760 5076 sunt·

184 5138 274 5216 ἦῆ)
296 5136 417 5198 Asiatic
437 5139 580 5200 Journal.
622 5140 709 5222 Sept.
731 5144 817 5208 1816.
850 5167 882 5229 p.
901 5144 971 5228 294
1064 5124 1072 5137 ⁸
