4470 6096
122 1856 275 1940 efferre
315 1840 541 1953 videatur,
588 1848 667 1964 qni
705 1846 818 1930 forte
859 1841 1075 1945 affirmet,
1121 1872 1199 1956 per
1230 1838 1342 1926 solas
1371 1838 1540 1952 plantas
1581 1834 1813 1951 pulchram

118 1994 298 2109 prodire
331 2014 518 2093 terram,
566 1988 713 2075 ridere
745 2014 946 2101 campos,
985 2003 1244 2097 montesque
1274 2001 1320 2064 et
1345 1977 1491 2063 coelos
1522 2005 1546 2061 a
1577 1977 1717 2063 ventis
1749 2005 1816 2060 so·

13 2235 16 2243 Ι
119 2123 452 2244 norisimpelli.
512 2127 600 2214 Sed
629 2127 733 2217 licet
757 2149 938 2231 tamen,
981 2155 1063 2240 pro
1095 2151 1172 2207 sua
1204 2150 1515 2238 quemque-‚ex
1549 2120 1640 2204 istis
1680 2117 1811 2206 rebus

123 2271 349 2358 affectione
387 2286 450 2352 ao
470 2297 598 2384 sensu
639 2245 892 2380 acceptaea
923 2265 1086 2352 habere
1118 2288 1163 2352 et
1202 2264 1412 2363 laudare,
1455 2260 1526 2348 vel
1569 2260 1703 2348 etiam
1734 2258 1817 2344 du·

124 2444 223 2500 cere
256 2413 396 2520 levia3
440 2410 574 2497 modo
611 2410 694 2496 hoc
731 2409 950 2500 fateantur
981 2406 1155 2492 omnes}
1206 2405 1373 2518 legibus
1408 2403 1603 2488 immotis
1643 2400 1813 2487 obtem³

122 2586 302 2671 perere,
345 2552 482 2671 quid,
518 2554 832 2670 ipsampotius
857 2553 1047 2641 visere
1076 2547 1244 2662 legem,
1282 2574 1571 2664 quaecunque
1600 2544 1647 2628 in
1671 2541 1814 2628 terris

124 2719 325 2784 crescunt
353 2697 586 2814 virentque
606 2696 807 2811 plantae,
835 2698 1094 2811 optimoque
1116 2691 1198 2777 isto
1218 2720 1297 2775 suo
1322 2687 1523 2802 exemplo
1545 2683 1815 2790 hominibus,

124 2868 221 2922 ase
252 2838 428 2922 nutritis
458 2859 502 2922 et
532 2835 783 2950 delectatis,
821 2857 1093 2939 monstrare,
1136 2830 1363 2951 quomodo
1394 2823 1497 2917 rere
1523 2827 1850 2946 tranquillitgs'

125 2979 261 3062 animi
293 3001 336 3063 et
364 3005 448 3091 par
480 2979 742 3062 interrivos
773 2977 1039 3064 inveniatur.

145 3164 147 3169 ·
241 3117 365 3226 Quae
410 3099 582 3229 relique
622 3131 723 3193 sunt
762 3116 865 3192 ortis
913 3106 1170 3213 herbariae,
1219 3137 1322 3194 sane
1363 3111 1501 3196 multa
1543 3137 1595 3195 ea
1636 3107 1823 3226 quidem

126 3255 244 3342 nuda
288 3210 819 3368 reperiuntnr'i‘nomina,
869 3246 947 3334 sed
988 3251 1069 3335 ista
1106 3279 1288 3368 qnoque
1314 3253 1502 3366 ingenio
1540 3274 1751 3365 conce-pta
1782 3271 1826 3336 et

127 3397 308 3482 omnino
343 3393 615 3489 necessaria,
650 3389 810 3507 quibus
846 3386 1041 3508 denique
1075 3392 1131 3477 ad
1167 3393 1306 3508 ipsam
1338 3400 1539 3480 naturam
1560 3387 1823 3508 ‘plantarum

126 3548 404 3653 penetremus
433 3557 479 3620 et
504 3525 912 3617 artificiosissimum
937 3530 1021 3617 Dei
1048 3535 1362 3652 omnipotentis
1389 3565 1587 3650 opusea,
1629 3563 1716 3649 qua
1742 3560 1822 3646 par
1908 3617 1915 3627 ,

128 3703 217 3782 est,
259 3678 549 3764 admiratione
575 3700 909 3790 persequamur.
1272 3777 1275 3782 Ι
1722 3694 1728 3701 ’
1777 3670 1783 3678 ’

244 3821 323 3904 His
371 3820 408 3903 si
451 3816 602 3935 paullo
645 3814 817 3926 longius
860 3813 1144 3926 aproposito
1186 3814 1368 3928 digressi
1408 3845 1583 3942 sumus,
1639 3818 1822 3901 minime

131 3970 274 4044 tamen
308 3976 528 4060 veremur,
562 3955 643 4060 Te,
676 3952 772 4039 Vir
797 3951 1220 4063 illustrissime,
1255 3988 1344 4045 esse
1375 3957 1520 4065 Eum,
1554 3958 1647 4071 Qui
1672 3957 1824 4043 Tuum

130 4099 179 4183 id
204 4114 292 4183 non
318 4100 560 4201 existimes,
595 4119 669 4181 ent
695 4096 882 4208 'graviter
909 4095 1022 4181 feras
1037 4159 1050 4199 ,
1084 4095 1151 4180 his
1174 4078 1262 4182 tam
1288 4100 1433 4213 parvis
1460 4098 1639 4221 publice
1669 4096 1732 4184 Te
1760 4097 1827 4181 in·
1849 4110 1869 4162 ·'

18 4305 22 4311 .
131 4263 288 4326 teresse
315 4264 360 4326 et
385 4231 728 4353 agmen'ducere
749 4266 928 4341 eorum,
962 4239 1041 4353 qui
1064 4236 1119 4323 de
1136 4236 1274 4324 'horto
1296 4262 1447 4326 nostro
1468 4239 1580 4326 bene
1603 4268 1821 4325 meruere.

204 4375 207 4378 ⁴
247 4378 339 4488 Qui
375 4379 492 4464 hunc
528 4401 766 4495 sequentur
806 4377 1027 4484 fasciculi,
1071 4377 1193 4493 iique
1232 4378 1393 4491 singuli
1432 4408 1513 4493 per
1552 4408 1604 4465 se.
1635 4377 1845 4464 absoluti·

134 4540 177 4601 et
201 4516 387 4630 integri,
419 4516 703 4637 (spertttltunt
719 4516 876 4601 'autem
903 4518 960 4604 ad
987 4518 1222 4605 botanicen
1249 4547 1399 4604 omnes
1414 4578 1426 4620 ,
1460 4516 1545 4604 sed·
1566 4548 1589 4603 a
1614 4519 1822 4605 varietate

134 4659 564 4745 commendationem
603 4658 826 4744 habebunt
857 4660 945 4766 ita,
993 4665 1045 4746 'ut
1082 4658 1153 4746 vel
1195 4659 1311 4743 horti
1338 4659 1525 4777 ‘plantae
1558 4662 1746 4747 rariores
1777 4661 1823 4743 in

133 4800 185 4881 iis
222 4799 667 4913 proponantussf'vel
698 4805 790 4912 agri
822 4798 1063 4885 Bonnensis
1100 4800 1232 4888 Flora
1274 4801 1545 4909 illustretur,
1567 4803 1659 4916 rel
1691 4803 1853 4917 etiam·

133 4934 352 5021 studiosae
380 4936 997 5055 iuventutis=lucnbrationes,
1030 4945 1342 5057 exoptatissimi
1370 4943 1630 5060 disciplinae
1652 4968 1822 5030 nostrae

122 5075 326 5181 fructus,
364 5104 479 5193 quos-
500 5051 801 5179 insffiterum
822 5079 1060 5190 Regiorum
1081 5079 1371 5170 adminiculis
1383 5087 1638 5201 percepturi
1658 5113 1822 5184 sumus,
