4470 6096
871 424 904 493 ν
1034 448 1037 453 ·
1533 459 1536 464 -
1934 426 1985 525 2³

286 659 410 729 folia
434 659 570 730 dicitur
592 656 776 753 prolerre.
809 651 1007 750 Priorem,
1033 678 1100 728 seu
1123 677 1254 733 veram
1279 614 1514 725 cinnamomi
1539 640 1713 720 arborem
1738 646 1984 746 zeyunicam,

224 798 233 822 ⁸
287 806 346 876 his
389 806 511 878 ferme
550 805 724 876 describit
759 803 962 903 Breyniust
1020 801 1177 874 »Arbor
1213 813 1269 873 est
1302 781 1501 871 mediocris
1531 810 1570 868 et
1594 822 1679 871 oum
1703 809 1874 893 ternpore
1897 801 1985 872 satis

286 976 444 1046 magna,
479 954 581 1046 ligno
617 952 701 1023 albo
728 950 886 1021 inodoro
918 947 1022 1021 molli
1057 949 1159 1020 salici
1183 971 1258 1021 non
1291 944 1468 1049 absimili,
1506 948 1619 1020 variis
1645 947 1826 1019 concinno
1852 947 1984 1017 ordine

283 1102 399 1170 ramis
425 1099 583 1190 diffusa,
631 1121 789 1194 quorum
814 1058 978 1169 minores
999 1096 1222 1192 pierumque
1247 1098 1383 1169 iterum
1407 1097 1489 1167 aliis
1513 1097 1633 1187 binis,
1669 1094 1739 1164 sibi
1769 1094 1982 1167 alternatim

285 1248 461 1341 oppositis
486 1248 598 1319 ramis
622 1247 855 1349 prominent,
882 1245 1096 1339 pariterque
1120 1243 1220 1317 foliis
1244 1256 1388 1336 tenues,
1406 1256 1448 1315 ut
1463 1243 1587 1315 oleum
1611 1240 1693 1313 fere
1718 1242 1881 1313 casellae
1906 1243 1985 1313 acri

243 1387 246 1391 ’
284 1404 322 1462 et
356 1396 461 1467 suavi
497 1415 629 1487 sapore
669 1391 894 1484 oleaginosos
944 1392 1132 1486 pediculos
1170 1393 1413 1483 habentibus,
1465 1393 1584 1480 tribus
1619 1390 1746 1464 nervis
1780 1391 1979 1484 insignitis,

284 1539 648 1635 Tamalapatree
673 1539 851 1613 similibus
877 1550 929 1631 at,
957 1539 989 1608 si
1013 1541 1093 1632 quis
1120 1539 1298 1630 attendat,
1326 1517 1530 1612 substantia
1544 1539 1763 1633 plerumque
1788 1537 1978 1627 solidiore,

284 1686 476 1776 crassiore,
494 1688 636 1778 saepius
648 1684 769 1758 forma
786 1684 919 1755 latiore
935 1687 1128 1781 minusque
1140 1687 1359 1778 acuminata,
1375 1700 1413 1758 et
1427 1686 1607 1782 imprimis
1619 1707 1769 1780 semper
1783 1683 1977 1754 notabilio-

283 1833 384 1901 ribus
401 1833 687 1927 elatioribusque
712 1831 814 1906 fibris
839 1836 936 1905 inter
955 1835 1223 1907 intrensversas
1249 1845 1440 1905 currentes
1460 1833 1612 1906 venulas
1625 1833 1787 1928 signatis,
1811 1851 1981 1926 saporem

288 1978 613 2072 cnryophyllorum
638 1980 923 2050 aromaticorum
955 2004 1045 2076 prae
1070 2005 1110 2053 se
1142 1979 1375 2070 serentibus,
1413 1982 1545 2050 ornati.
1596 1980 1820 2054 Raoemosos
1850 1980 1981 2050 odori-

282 2123 385 2196 feros
421 2149 555 2219 eosque
580 2127 682 2199 albos
708 2126 782 2197 feri
814 2127 953 2220 flores,
996 2131 1060 2222 qui
1092 2127 1274 2223 calycibus
1306 2128 1515 2223 praeditos,
1554 2126 1602 2198 ad
1626 2126 1763 2202 ssavum
1786 2128 1978 2198 tendentes

281 2273 503 2366 tandemque
529 2276 761 2348 obscuriores
787 2275 902 2347 simiis
929 2287 967 2348 et
991 2276 1120 2350 avibus
1144 2276 1325 2371 expetitos
1350 2275 1536 2370 glandium
1561 2273 1811 2368 magnitudine
1836 2273 1980 2347 fructus

283 2417 521 2511 proferunt«
549 2463 600 2481 -
633 2404 812 2497 Radicem
836 2424 944 2494 huius
971 2425 1115 2496 arboris
1140 2423 1378 2536 campitorem
1405 2423 1552 2518 quidem
1577 2423 1709 2512 edero,
1735 2422 1978 2518 horumpro-

280 2571 554 2643 bstissimorum
592 2573 760 2646 virorum
796 2577 1012 2647 auctoritate
1047 2576 1145 2644 inter
1179 2573 1252 2642 alia
1276 2581 1485 2644 memoratu
1512 2570 1620 2662 digna
1644 2567 1873 2662 affirmatur,
1910 2571 1977 2652 scd

279 2741 361 2786 cam
386 2740 460 2789 non
493 2743 606 2792 unam
636 2744 716 2792 esse
753 2722 983 2818 Gomphorae
1015 2723 1216 2815 originem,
1262 2719 1328 2792 sed
1361 2719 1468 2790 aliam
1495 2718 1679 2812 quandam
1703 2718 1822 2790 Lauri
1852 2720 1974 2819 specie

277 2863 450 2962 arborum
475 2866 794 2960 camphorigeram
817 2870 857 2938 iu
882 2870 935 2938 Ia
943 2871 1111 2963 penius
1136 2867 1340 2961 provincia,
1361 2866 1587 2936 Zethuma
1610 2867 1721 2956 dicta,
1736 2864 1971 2963 frequentem

276 3014 467 3104 progigni,
503 3014 645 3083 ecuius
670 3014 853 3083 radicibus
880 3013 1197 3109 Camphoram
1233 3013 1422 3106 ingenioso
1448 3010 1602 3081 artificio
1634 3013 1681 3083 ab
1705 3013 1835 3082 incolis
1871 3015 1970 3103 elici,

272 3167 368 3226 teste
395 3158 696 3229 Buohilione
721 3160 900 3254 quodam,
928 3160 1109 3228 societatis
1136 3160 1220 3228 Iesu
1244 3158 1284 3228 in
1310 3161 1378 3228 ista
1401 3160 1592 3252 provincia
1616 3159 1816 3254 praesecto,
1842 3160 1894 3231 ita
1922 3162 1969 3235 ab

274 3328 319 3372 eo
337 3289 622 3394 demonstratur,
649 3318 691 3375 ut
714 3305 917 3400 Brsynium
942 3307 1104 3398 primum
1129 3305 1277 3375 Lauri
1305 3306 1597 3399 Camphorae
1623 3308 1878 3400 inventorem,
1906 3310 1968 3384 nel
2052 3306 2055 3313 ’

272 3449 405 3520 saltem
443 3453 667 3544 delatorem,
714 3455 796 3522 iure
827 3453 1033 3541 existimes,
1076 3453 1222 3522 tametsi
1257 3451 1355 3521 ha'ud
1394 3453 1563 3545 exiguam
1588 3453 1723 3523 horum
1748 3459 1967 3528 meritorum

271 3611 417 3690 partem
443 3600 520 3692 ipse
544 3597 739 3669 transferri
770 3599 895 3669 iubeat
928 3599 967 3667 in
1000 3620 1126 3667 curam
1159 3610 1198 3668 et
1227 3599 1445 3671 industriam
1476 3599 1680 3672 Arnoldi
1706 3601 1812 3695 Sye,
1864 3602 1967 3675 Pro-

270 3745 418 3814 fessoris
444 3722 711 3839 Lugdunensis,
739 3745 777 3815 in
805 3769 935 3818 rerum
963 3745 1197 3837 Camphorae
1225 3726 1366 3818 fontem
1399 3747 1641 3841 detegendum
1669 3756 1757 3818 tuuc
1783 3755 1960 3846 temporis

271 3896 430 3963 maxime
456 3897 652 3966 intensum.

371 4042 501 4110 Paucis
536 4043 638 4113 annis
663 4052 768 4136 post,
805 4042 905 4110 edito
940 4061 1035 4107 anno
1076 4039 1169 4128 1678
1207 4040 1328 4132 primo
1363 4039 1479 4110 Horti
1504 4039 1722 4114 Malaburici
1749 4044 1957 4139 volumine,

271 4194 458 4260 Cassiae
486 4190 811 4280 Melabaricse‚
832 4214 898 4261 seu
924 4189 1072 4261 Cassiae
1098 4187 1239 4280 ligneae
1266 4188 1432 4283 Breynii,
1461 4189 1618 4264 lucidam
1637 4193 1832 4286 imaginem
1859 4196 1961 4269 dedit

269 4339 524 4428 Rhcedius,
554 4341 610 4409 vir
634 4338 911 4434 immortalis*),
952 4338 1079 4407 Coruo
1105 4339 1255 4407 nomine
1280 4335 1505 4410 Melabarico
1531 4341 1710 4437 inscripto
1735 4339 1840 4438 (aliis
1868 4343 1956 4415 Ba-

262 4490 383 4578 kales,
413 4489 554 4559 Senscr.
608 4487 814 4582 Tiquttt),
855 4486 1041 4581 fusiusque
1068 4487 1115 4554 de
1140 4487 1267 4555 eadem
1293 4486 1317 4554 l.
1345 4512 1376 4557 c.
1402 4489 1596 4581 disseruit.⁴

367 4634 510 4706 »Radix
528 4659 660 4726 crassa,
679 4648 780 4707 recta
803 4659 843 4706 se
869 4636 908 4704 in
933 4647 1073 4704 terram
1098 4635 1294 4705 demittens
1320 4657 1361 4704 so
1387 4636 1473 4705 hinc
1499 4637 1585 4707 inde
1610 4637 1712 4712 fibris
1736 4645 1954 4716 transversis

262 4803 300 4851 se
330 4778 502 4873 affigens,
554 4784 692 4854 cortice
733 4785 773 4853 in
816 4784 994 4854 exteriori
1036 4793 1160 4852 crusta
1194 4783 1491 4879 ruso-eineres,
1531 4787 1600 4859 sub
1635 4811 1679 4860 ea
1710 4790 1926 4862 rubescente
1935 4822 1950 4882 ,¹

315 4996 341 5070 ¹)
365 4997 402 5055 H.
426 4998 500 5056 Mat.
521 4999 545 5058 l.
561 5022 592 5082 p.
623 5019 690 5057 101.
715 4998 779 5058 tab.
803 4999 854 5077 57.

303 5110 345 5185 ”J
367 5113 416 5173 De
434 5113 567 5174 nomine
584 5114 740 5177 sanserito
767 5117 931 5176 Curuae
955 5112 1080 5174 arboris
1110 5110 1197 5172 eous.
1222 5131 1252 5193 p.
1275 5130 1304 5170 2.
