4470 6096
356 487 358 493 >
420 441 470 518 dd

419 692 520 739 mum
546 668 593 740 L.
621 690 732 739 unam
759 669 988 764 eandemque
1015 657 1189 738 arborem
1216 687 1293 737 ease
1318 664 1378 739 nir
1403 663 1624 752 incederet,
1657 663 1876 739 senteutiam
1901 664 1996 741 luno
2020 691 2119 764 pro-

419 811 548 889 babit?
568 815 679 909 ¹Quis
712 814 875 884 laudabit
910 838 1019 903 eum,
1060 814 1301 909 quiserbores
1329 812 1436 898 istas,
1469 782 1499 881 ¹si
1526 825 1682 908 utraque
1708 815 1847 910 species
1873 816 1911 884 in
1941 817 2119 911 Zeylonia
2163 868 2165 872 -

421 961 650 1049 occurrebat,
676 960 808 1034 fusiori
826 949 900 1033 non
920 961 1127 1053 dignoverit
1147 954 1453 1031 adumbratione?
1475 955 1643 1050 Namque
1667 958 1805 1030 virtute
1828 959 1915 1030 licet
1936 959 2031 1032 duae
2045 960 2117 1034 hae

421 1111 559 1204 species
593 1111 762 1203 proxime
796 1110 865 1178 sibi
891 1108 1130 1197 conveniant,
1161 1106 1283 1178 forma
1315 1085 1438 1177 tamen
1466 1118 1575 1200 atque
1600 1127 1731 1200 sapore
1756 1104 1932 1178 foliorum
1960 1109 2116 1205 aliisque

423 1259 518 1327 notis
546 1255 720 1325 facillime
755 1256 1039 1346 distinguuntur.

520 1402 699 1472 Perlcctis
732 1403 923 1496 pluribus,
965 1426 1058 1495 quac
1091 1403 1159 1472 hac
1196 1402 1241 1471 de
1277 1424 1318 1471 re
1353 1402 1490 1496 scripta
1523 1402 1982 1492 eunt,.rerosimillimum
2006 1408 2128 1476 nobis

420 1553 538 1628 visum
569 1560 644 1634 est,
678 1573 760 1618 cum
793 1549 979 1642 plerisque
1017 1548 1277 1644 scriptoribus,
1317 1547 1475 1641 quorum
1502 1548 1548 1618 de
1573 1548 1644 1617 isto
1671 1549 1809 1619 cortice
1842 1555 2045 1623 sententiae
2075 1557 2117 1625 in

422 1698 721 1770 antecedentibus
760 1695 903 1790 plenius
948 1709 1210 1792 exponuntur,
1257 1701 1456 1782 statuere,
1493 1695 1838 1766 Cinnamomnm
1881 1699 2114 1791 indicum,

422 1870 488 1916 seu
528 1846 755 1949 chineuse
804 1845 941 1913 dictum
960 1895 972 1934 ,
1028 1845 1067 1914 in
1123 1843 1328 1913 illalabaria
1379 1867 1400 1912 e
1450 1845 1588 1914 cortice
1633 1844 1753 1915 Lauri
1805 1847 1954 1930 cassiae
2003 1847 2115 1937 Lim,

422 1994 772 2077 cinnamomum
818 2003 956 2061 tenue
1005 2014 1124 2082 vero,
1176 1978 1536 2101 Zeyl·oneynse
1580 1993 1744 2117 dictum,
1808 1999 1847 2063 in
1885 1994 2118 2088 Zeyloniae

320 2167 321 2170 ¹
422 2145 559 2212 cortice
586 2142 702 2211 Lauri
737 2141 976 2210 cinnamomi
1009 2110 1053 2212 ⁶1.
1090 2131 1129 2209 et
1159 2140 1302 2232 aliquot
1334 2141 1412 2210 eius
1446 2126 1665 2214 varietatum
1689 2144 1827 2235 parari.
1879 2145 2117 2216 Cinnamomi

424 2292 524 2360 aliud
561 2312 674 2381 genus
711 2290 864 2358 minoris
902 2301 1036 2378 notae,
1085 2287 1185 2382 quod
1221 2261 1447 2380 e'Zeylonia
1479 2290 1629 2360 nomine
1668 2289 1818 2363 capelle
1850 2303 1965 2360 marte
1998 2291 2119 2361 affer-

424 2449 507 2522 tur,
526 2467 532 2483 ·
551 2438 688 2507 cortice
723 2437 905 2508 crassiore
938 2437 1059 2508 minus
1094 2436 1291 2508 convoluto
1319 2449 1358 2507 et
1378 2460 1512 2530 sapore
1538 2438 1709 2509 debiliori
1731 2430 1893 2532 insigne,
1932 2442 2119 2510 ecortice

422 2609 614 2658 ramorum
653 2547 895 2673 vetustiorum
929 2584 1093 2654 eiusdem
1133 2586 1275 2655 arboris
1302 2595 1448 2673 ortum,
1486 2588 1605 2656 rarius
1629 2588 1668 2656 in
1695 2589 1917 2659 commercio
1943 2590 2118 2658 occurrit.

423 2734 580 2821 Forsan,
616 2733 670 2802 uti
696 2744 865 2838 auctores
891 2729 1058 2802 nonnulli
1087 2753 1133 2800 ex
1160 2733 1426 2803 recentioribus
1452 2736 1694 2826 existumant,
1731 2759 1828 2850 nene
1854 2747 1893 2807 et
1918 2736 1963 2806 L.
1990 2735 2120 2819 cassia

425 2881 463 2968 in
490 2880 666 2972 Zeylonia
699 2879 835 2950 colitur
866 2891 974 2978 atque
1006 2877 1065 2953 vel
1098 2880 1309 2971 promiscue
1328 2861 1426 2952 *cum
1461 2883 1507 2952 L.
1543 2884 1809 2976 cinnamomo,
1850 2883 1911 2958 ael
1941 2882 2039 2974 sola,
2079 2885 2120 2954 in
2202 2934 2203 2939 κ

419 3049 528 3111 usum
556 3039 721 3099 vocatur.

472 3177 477 3188 '
518 3176 565 3244 ln
594 3175 860 3264 Cocltineliina‚
898 3179 1094 3249 secundum
1120 3178 1352 3268 praeclarum
1378 3177 1579 3263 Laureiro,
1609 3168 1774 3264 arborea,
1801 3177 1839 3247 in
1866 3177 1950 3247 allis
1974 3179 2121 3256 monti-

422 3323 505 3410 bus,
532 3324 579 3393 ad
594 3324 820 3396 occidentem
840 3325 993 3395 L'aosios
1011 3347 1138 3407 versus
1164 3324 1256 3409 sitis,
1279 3323 1485 3414 indigenae,
1503 3326 1791 3415 excorticantur,
1819 3346 1892 3417 que
1912 3325 1959 3393 de
1980 3326 2122 3393 cortice

424 3482 554 3539 auctor
589 3472 777 3564 sequentia
805 3471 939 3540 refert:
979 3471 1110 3540 »Remi
1136 3470 1348 3541 crassissimi
1374 3468 1475 3539 dant
1491 3469 1563 3542 vile
1590 3469 1894 3562 cinnamomum,
1921 3470 2020 3564 quod
2042 3470 2123 3563 ple-

424 3641 579 3712 rumque
607 3621 790 3707 obiicitur,
820 3619 907 3712 quia
934 3619 1031 3709 longi
1057 3621 1200 3689 itineris
1222 3642 1402 3712 expensae
1427 3618 1588 3711 pretium
1617 3629 1802 3712 superant,
1834 3616 2004 3696 Tenuior
2028 3636 2125 3685 cor-

377 3834 384 3847 ,
423 3785 502 3852 rex,
540 3790 559 3833 a
591 3769 771 3860 supremis
805 3770 915 3838 ramis
952 3746 1119 3857 avulsus,
1157 3768 1356 3862 Zeylonico
1380 3741 1543 3837 crassitie
1569 3764 1751 3859 aequalis,
1787 3765 1902 3835 odore
1927 3775 1965 3834 et
1987 3785 2122 3857 sapore

425 3916 641 4005 acerrimus,
676 3941 750 3993 non
776 3916 896 4008 magni
923 3913 1155 4005 aestimatur,
1196 3938 1314 4010 eoque
1345 3927 1501 3985 utuntur
1524 3913 1716 4006 indigenae
1742 3912 1788 3982 ad
1813 3912 2035 3983 condiendos
2060 3912 2123 3979 ci·-

428 4064 506 4145 bcs.
557 4061 607 4134 At
633 4087 821 4135 ramorum
847 4068 1056 4135 mediorum
1076 4075 1227 4156 ¹cortex,
1255 4066 1392 4169 lineam
1416 4030 1496 4136 fere
1522 4086 1677 4153 craesus,
1708 4038 1891 4157 'optimum
1919 4072 1957 4130 et
1980 4062 2123 4156 pretio-

424 4233 504 4278 sum
538 4212 692 4304 praebet
727 4212 1020 4301 cinnamomum,
1061 4237 1136 4306 quo
1172 4223 1327 4282 utuntur
1358 4213 1396 4282 iu
1428 4211 1610 4282 medicina
1640 4225 1677 4283 et
1711 4213 1809 4306 quod
1843 4209 1959 4281 multo
1994 4208 2121 4305 altiori

426 4358 545 4445 pretio
571 4359 757 4450 venditur,
786 4383 894 4453 quam
920 4361 1170 4451 Zeylanicum,
1198 4322 1291 4430 illud
1314 4360 1532 4456 praecipue,
1566 4361 1664 4456 quod
1690 4360 1728 4430 in
1755 4357 1931 4430 Tunkind
1956 4358 2123 4428 nascitur

348 4488 353 4496 ⁵
428 4515 462 4571 et
483 4525 567 4574 raro
585 4507 806 4576 iuvandum«
849 4506 909 4577 Ex
924 4509 1183 4601 descriptione,
1210 4534 1232 4578 a
1258 4509 1305 4579 cl.
1331 4522 1480 4579 auctore
1499 4511 1539 4580 in
1555 4509 1666 4579 Flora
1682 4506 1991 4579 cochiuohinensi
2015 4505 2124 4575 exhi-

425 4653 524 4740 bita,
560 4653 711 4722 arbores
737 4657 825 4723 istae
851 4655 896 4722 ad
923 4655 966 4724 L.
996 4657 1156 4725 Cassiam
1183 4656 1304 4748 potius
1338 4681 1447 4750 quam
1472 4656 1518 4727 ad
1543 4657 1588 4726 L.
1626 4657 1907 4726 cinnamomum
1944 4651 2124 4722 releren-

428 4801 489 4869 da‘e
517 4822 620 4888 esse,
657 4801 924 4887 concludimus,
955 4842 1004 4856 ·-
1038 4826 1157 4897 neque
1184 4805 1336 4874 veroin
1363 4803 1567 4874 Melabaria
1592 4804 1719 4874 aliisve
1746 4803 1872 4873 Indiae
1899 4802 2124 4870 continentis

428 4950 502 5013 oris
518 4947 692 5028 ‚Laurum
718 4949 998 5019 cinnamomum
1025 4951 1069 5019 L.
1096 4964 1225 5042 sponte
1251 4963 1425 5021 enatura
1451 4953 1564 5043 gigni,
1593 4952 1874 5022 oculatissimum
1900 4961 2038 5018 restem
2057 4950 2125 5017 ha·

427 5094 556 5162 bemus
595 5094 661 5164 cel.
699 5095 1011 5188 Roxburgliium,
1075 5101 1137 5191 qui
1177 5101 1216 5166 in
1264 5099 1375 5168 horto
1418 5088 1491 5170 suo*
1534 5097 1753 5190 Bergalensi
1804 5102 1953 5170 arbores
2004 5098 2125 5167 Lauri
