4470 6096
1799 391 1847 464 63

158 618 365 691 Laurum
391 614 643 687 Burmanni
662 622 699 683 et
722 611 768 682 L.
795 611 1108 704 culilnwang‚
1136 611 1196 683 rel
1213 613 1512 706 saltamspeeiem
1531 615 1614 686 huic
1640 617 1845 706 proximam

160 761 397 857 eiusdemque
408 759 566 851 virtutis,
576 758 752 829 celeberr.
770 756 1020 828 Roinwaru
1030 758 1094 830 tio
1110 769 1251 853 septem
1263 780 1394 852 easque
1405 759 1690 831 distinctissimas
1704 765 1841 855 speeies

157 908 346 1006 praebuit,
363 931 430 978 suo
444 916 612 1003 tempore
631 906 677 976 ab
690 927 736 976 eo
749 902 996 996 publicandas.
1023 901 1182 974 Nomina
1197 925 1324 975 earum
1343 915 1444 975 sunt:
1470 904 1515 978 L.
1542 907 1591 975 in
1604 927 1704 975 era·
1718 904 1779 995 R„
1796 906 1840 976 L.

160 1047 1556 1152 caryophyllataR.(corticecaryophyllato,Culilawangsimili),
1583 1053 1837 1146 L.albaR.,
1878 1020 1897 1067 ‘—
1955 1008 1957 1015 Ι

159 1205 205 1278 L.
218 1204 357 1277 micro
366 1201 531 1299 phylla
551 1199 611 1293 R„
633 1199 679 1270 L.
704 1196 981 1293 calophylla
998 1197 1042 1268 R.
1067 1194 1287 1295 (quaefor'te
1303 1199 1348 1273 L.
1363 1198 1636 1275 Malabathrum
1654 1199 1706 1273 Η.
1725 1200 1778 1272 Μ.
1790 1199 1839 1299 l),

159 1351 206 1426 L.
230 1349 533 1459 triplinervia
557 1346 604 1421 R.
630 1358 668 1420 et
692 1346 738 1419 L.
764 1347 962 1422 obovato
985 1346 1031 1420 R.

933 1540 962 1640 s.
1014 1546 1072 1621 ro.

456 1737 641 1825 Species·
671 1735 829 1800 dubiae
857 1744 981 1821 atque
1009 1737 1200 1814 ulterius
1233 1738 1551 1807 examinandae.

217 1939 248 1987 1.
289 1913 447 1990 cahom
477 1913 670 2010 coronale,
706 1909 915 2009 (Kurunde
937 1914 999 1990 rel
1020 1912 1212 2008 curando,
1247 1938 1412 1990 amarum
1436 1930 1475 1991 et
1495 1919 1721 2014 adstringens
1747 1916 1844 1991 cin·

333 2085 555 2135 namomum.

246 2217 398 2283 Historia
415 2213 636 2282 cinnamomi
649 2216 687 2283 in
707 2215 782 2281 Aet.
797 2215 902 2281 Acsd.
924 2212 970 2281 N.
993 2210 1033 2282 c·
1057 2211 1135 2283 Vol.
1157 2213 1185 2280 l.
1207 2215 1294 2303 App.
1314 2218 1402 2304 pt.

247 2322 387 2389 Goeller
403 2321 542 2407 Disput.
560 2323 602 2390 ‹le
624 2320 867 2392 cinnamomo.
883 2344 918 2410 p.
938 2319 990 2393 18.

246 2430 436 2516 'chunberg
461 2429 504 2500 It.
526 2427 605 2498 Vol.
619 2427 666 2498 11.
685 2451 717 2514 p.
737 2431 809 2500 190.

246 2540 355 2607 leon
389 2546 519 2605 nostr.
543 2539 615 2605 tab.
637 2535 698 2605 VI.
724 2535 779 2623 fig.
801 2539 833 2602 2.

248 2672 352 2746 Folia
366 2672 411 2741 iis
424 2671 468 2741 L.
480 2669 712 2743 cinnamomi
722 2636 900 2769 perquam
910 2668 1056 2766 similia,
1067 2671 1105 2743 in
1123 2666 1317 2766 superlicio
1326 2671 1450 2745 multis
1469 2675 1610 2749 venulis
1627 2673 1843 2774 inaequalia.

263 2818 306 2895 ln
331 2818 527 2913 Zeylonia‚
554 2816 617 2889 sed
642 2817 775 2923 rarior.

215 3007 248 3057 a.
302 2973 496 3082 copperoe
521 2974 748 3082 (Capparis)
776 2975 972 3075 coronae.
1000 2981 1282 3066 cinnamomum
1306 2981 1592 3081 camphoratum.

247 3142 374 3209 Histor.
394 3142 552 3208 Cinnam.
579 3142 601 3207 l.
625 3164 652 3206 c.
675 3164 707 3225 p.
734 3149 765 3209 tt,

248 3247 386 3315 Goeller
414 3250 433 3312 l.
462 3271 489 3314 c.
519 3272 551 3332 p.
569 3250 620 3317 18.

169 3358 172 3362 ’
222 3356 391 3424 'Thunb..
412 3355 432 3420 l.
454 3377 482 3424 c.
501 3355 578 3420 Vol.
605 3352 651 3420 11.
674 3377 707 3440 p.
727 3353 798 3424 190.

246 3462 362 3530 Iron.
384 3470 524 3530 nostr.
546 3462 616 3528 tab.
633 3459 692 3523 VI.
714 3459 770 3545 fig.
796 3458 826 3523 ³.

261 3594 367 3666 Folia
392 3593 687 3686 antecedentibus
719 3595 876 3682 minora,
904 3616 926 3663 e
952 3591 1063 3665 viridi
1087 3590 1215 3682 livida,
1250 3592 1429 3665 trinervia
1440 3642 1454 3686 ,
1480 3590 1675 3667 nervis-ad
1699 3592 1846 3687 apicem

118 3744 125 3757 '
162 3739 247 3811 solii
269 3741 547 3812 confluentibus.

261 3885 306 3956 In
331 3887 497 3981 partibus
523 3883 757 3955 orientalibus
775 3883 970 3979 Zeyloniae
985 3882 1173 3980 frequens,
1193 3887 1257 3960 ubi
1273 3888 1477 3962 incolarum
1497 3886 1632 3963 fraudo
1640 3890 1841 3985 plurimum
1913 3878 1916 3885 ⁴

163 4034 242 4107 eius
267 4033 354 4104 olim
381 4057 449 4126 pro
474 4054 563 4104 vero
589 4031 830 4104 cinnamomo
855 4032 1131 4107 divendebatur'.

214 4201 247 4271 5.
301 4199 426 4273 Il'elle·
449 4200 640 4293 Coronde,
677 4202 961 4275 cinnamomum
985 4220 1190 4271 arenosum.

245 4358 374 4427 Hister.
396 4361 555 4426 cinnam.
579 4361 599 4424 l.
619 4380 647 4427 c.
666 4382 697 4446 p.
721 4359 753 4425 5.

215 4550 222 4565 .
247 4464 384 4531 Goeller
406 4465 427 4534 l.
455 4489 482 4530 c.
506 4491 535 4549 p.
556 4469 604 4537 19.

244 4572 361 4639 lcou.
396 4588 532 4639 nostr.
559 4572 702 4640 tab.VI.
723 4568 795 4654 sal·

260 4707 366 4778 Folia
392 4707 713 4801 orato-elliptica‚
740 4706 881 4802 apicem
902 4726 1030 4781 reraus
1052 4707 1243 4778 latitudine
1258 4707 1517 4797 decrescentia,
1544 4712 1699 4802 maiora,
1715 4706 1840 4804 (apice

161 4850 357 4925 rotundare
382 4852 550 4950 coeli),
589 4857 788 4946 trinarvia,
815 4855 938 4929 nervis
963 4836 1260 4949 supre'medium
1286 4858 1593 4929 evanescentibus.

260 4998 305 5070 In
329 4999 514 5093 Zeylonia.
